2766 3345
446 190 584 247 fecta,
607 196 787 237 certum
809 191 1005 237 fortasse
1027 189 1667 252 iudiciumproferrelicebit,
1698 205 1759 239 ex
1780 190 1957 239 caussis
1976 206 2088 239 vero
2110 190 2273 257 adlatis
2297 201 2428 249 „sca-

445 269 634 317 billum”
656 271 807 317 forma
827 270 933 333 plus·
954 269 1240 316 auctoritatis
1262 269 1435 316 habere
1454 269 1661 328 videtum
1695 277 1822 319 certe
1843 287 1939 319 non
1959 271 2245 336 repudianda
2263 270 2366 321 etit..
2413 304 2416 313 2

636 350 690 397 In
709 350 872 397 verbis
900 349 1200 411 sequentibus
1222 349 1533 407 Burmannus,
1563 349 1863 409 Golomesius,
1892 351 2184 416 Spaldingius
2216 351 2429 399 codicum

447 431 726 478 deteriorum
748 430 1037 492 scripturam,
1059 428 1189 474 velut
1211 429 1474 476 Turioensis
1499 447 1558 486 „a
1575 430 1719 493 pinna
1738 457 1804 466 —
1823 431 2062 495 bipennis”
2084 432 2285 479 retinent
2302 441 2427 482 eam·

447 528 537 573 que
560 511 624 557 sic
647 509 893 572 explicant,
917 515 971 554 ut
992 525 1021 554 a
1043 508 1219 571 „pinna
1238 524 1302 555 sc.
1325 525 1567 556 murorum
1586 516 1668 556 aut
1689 511 2134 572 gubernaculorum”
2158 510 2427 576 „bipennis”

443 590 719 658 vocabulum
749 595 964 635 exortum
990 604 1092 635 esse
1121 588 1290 636 dicant.
1357 587 1484 645 Quae
1517 589 1704 651 quidem
1733 590 1979 653 explicatio
2008 592 2189 639 duobus
2219 593 2425 640 testimo·

444 671 530 717 niis
553 669 707 715 fulciri
728 669 914 715 videtur
944 685 1038 714 uno
1062 668 1193 715 Servi
1222 669 1282 715 ad
1302 668 1441 730 Verg.
1464 670 1581 716 Aen.
1604 668 1685 717 XI.
1718 670 1976 733 „Bipennis
1994 670 2181 728 dicitur,
2207 673 2336 733 quod
2365 689 2426 720 ex

444 758 641 810 utraque
663 756 795 812 parte
816 749 985 795 habeat
1006 748 1167 805 aciem,
1197 748 1331 809 quasi
1352 750 1468 795 duas
1496 749 1677 812 pinnas,
1710 765 1825 811 quas
1855 757 2041 798 veteres.
2068 751 2325 808 dicebant?
2359 753 2423 802 al-

439 837 541 877 tero
557 828 678 876 Noni
699 846 745 892 p.
772 830 847 874 79.
884 828 1132 891 „Bipennis
1156 828 1452 875 manifestum
1474 836 1545 876 est
1565 829 1614 876 id
1634 829 1739 887 dici,
1764 831 1890 891 quod
1910 846 1972 878 ex
1994 837 2190 892 utraque
2210 837 2342 895 parte
2364 832 2425 882 sit

438 918 641 957 acutum.
707 907 825 956 Nam
847 910 1057 955 nonnulli
1084 909 1501 971 gubernaculorum
1527 916 1683 973 partes
1711 910 1946 962 tenuiores
1976 910 2036 957 ad
2062 910 2181 957 hanc
2213 910 2421 959 similitu·

438 992 592 1037 dinem
610 990 793 1053 pinnari
811 989 880 1051 (in
903 990 974 1035 ed.
997 990 1101 1035 Ald.
1132 990 1164 1035 J
1168 989 1261 1034 unii
1290 989 1431 1035 Merc.
1462 1005 1582 1036 corr.
1620 997 1691 1036 est
1714 990 1960 1054 „pinnas”)
1989 996 2161 1038 vocant
2190 990 2422 1053 eleganter

436 1079 484 1118 et
504 1071 656 1117 Varro
691 1070 947 1133 Marcipore
988 1071 1075 1126 „de
1111 1070 1247 1115 lunae
1285 1070 1494 1132 bipennis
1528 1070 1596 1132 (m
1634 1072 1735 1117 cod.
1758 1071 1885 1118 Leid.
1920 1069 2200 1135 „bipinnis”)
2233 1077 2285 1117 ut
2305 1070 2420 1120 levis

436 1150 775 1215 passerculus.”
840 1150 968 1196 Idem
992 1150 1038 1195 in
1061 1151 1245 1195 eodem:
1281 1166 1370 1206 „an
1394 1166 1478 1195 nos
1501 1151 1679 1207 caduci,
1702 1151 1915 1212 naufragi
1936 1152 1988 1199 iit
2009 1150 2262 1200 ciceronec.
2295 1149 2418 1207 Qua·

435 1248 542 1277 rum
569 1230 768 1294 bipinnis
797 1229 1000 1276 fulminis
1029 1229 1209 1292 plumas
1240 1245 1385 1292 vapor
1412 1228 1635 1286 Perursit‚
1668 1229 1758 1276 alte
1787 1230 1923 1277 mesti
1949 1230 1996 1277 in
2024 1237 2196 1277 terram
2223 1229 2417 1277 caecidi·

435 1310 584 1357 mus.”
648 1309 776 1356 Idem
809 1308 1118 1356 Parmenone:
1166 1309 1350 1366 „ferens
1384 1309 1582 1355 ferream
1614 1310 1808 1356 humero
1845 1310 2090 1375 bipennem
2132 1311 2255 1372 (cod.
2287 1309 2416 1361 Leid.

437 1389 750 1453 „bipinnem”)
783 1387 1036 1435 securem.''
1103 1388 1235 1435 Hanc
1268 1388 1621 1451 explicationem
1657 1388 1697 1434 si
1734 1389 1984 1450 sequimur,
2024 1405 2142 1450 quae
2177 1396 2416 1448 secuntur,

433 1487 625 1535 prorsus
647 1469 911 1515 reclamant.
977 1467 1090 1515 Mihi
1112 1469 1247 1525 enim,
1282 1484 1562 1549 quamquam
1583 1467 1832 1526 Gesnerus,
1865 1470 2174 1527 Burmannus,
2205 1469 2414 1533 Spaldin-

434 1552 537 1613 gius
568 1557 729 1597 contra
760 1550 979 1605 sentiunt,
1014 1549 1094 1610 qui
1123 1549 1289 1596 iniuria
1316 1549 1588 1612 scriptorem
1616 1557 1663 1596 et
1682 1550 1908 1597 vocabulo
1932 1549 2130 1614 „pinna”
2155 1557 2202 1597 et
2221 1551 2413 1598 vocibus

434 1632 644 1689 „duabus
666 1629 875 1693 pennis’',
904 1628 1017 1675 nihil
1039 1630 1095 1675 de
1118 1629 1205 1676 hac
1228 1630 1497 1677 confusione
1532 1630 1823 1687 indicantem,
1857 1630 1979 1676 idem
2007 1646 2071 1677 sc.
2101 1646 2200 1677 rem
2230 1637 2413 1685 acutam

433 1712 689 1773 significare
721 1711 911 1766 faciunt,
941 1710 1067 1766 mihi,
1100 1710 1218 1767 dieo,
1248 1710 1543 1756 manifestum
1573 1717 1658 1767 est,
1689 1709 2019 1766 Quintilianum
2040 1727 2148 1757 eum
2168 1711 2411 1757 nonnullo-

430 1810 535 1838 rum
557 1791 794 1839 hominum
816 1807 1020 1837 errorem
1052 1790 1329 1852 vituperare,
1368 1806 1428 1836 ex
1464 1807 1572 1851 quo,
1606 1806 1713 1837 cum
1745 1791 1872 1837 nulla
1903 1791 2131 1837 vocalium
2160 1791 2207 1836 in
2240 1791 2327 1837 hac
2359 1808 2410 1837 re

428 1872 625 1918 mutatio
647 1872 704 1917 ab
726 1871 780 1916 iis
804 1877 1099 1926 statueretur,
1121 1871 1490 1931 vocabulumque
1514 1869 1771 1933 „bipinnis”
1795 1887 1854 1917 ex
1885 1870 2077 1934 „pennis
2106 1869 2289 1917 avium”
2318 1871 2408 1917 ori-

429 1953 583 2014 ginem
605 1951 792 1998 duxisse
817 1951 1097 2007 crederetur,
1128 1950 1244 1996 falso
1274 1950 1511 1997 vocabulis
1540 1961 1731 2013 prorsus
1754 1951 1945 1997 diversis
1969 1951 2128 1997 eadem
2149 1951 2320 1998 vocalis
2343 1967 2407 1999 sc.

427 2033 443 2080 i
464 2032 766 2079 tribuebatur.
818 2030 1080 2094 Scripturae
1104 2030 1225 2078 enim
1249 2029 1506 2094 „bipinnis”
1529 2030 1668 2078 fidem
1688 2030 1946 2079 habendam
1968 2047 2084 2088 esse,
2106 2031 2408 2094 plurimorum

427 2113 640 2160 codicum
662 2112 709 2158 in
731 2112 817 2158 hac
840 2127 890 2157 re
913 2127 1143 2158 consensu
1167 2112 1400 2168 docemur,
1422 2111 1567 2159 veluti
1588 2112 1689 2158 cod.
1711 2110 1904 2159 Medicei
1922 2111 2186 2173 Vergiliani,
2207 2118 2408 2159 testante

425 2193 672 2255 Wagnero,
702 2192 804 2239 cod.
834 2191 1150 2238 Plinianorum
1169 2191 1224 2238 N.
1249 2191 1530 2248 H.X1.28.,
1559 2192 1688 2239 libris
1716 2192 1916 2253 antiquis
1947 2191 2219 2243 Priscianeis
2241 2210 2287 2255 p.
2315 2195 2405 2239 160

426 2292 498 2337 ap.
520 2273 582 2320 H.
620 2280 666 2319 et
693 2290 737 2335 p.
763 2274 871 2318 339.
901 2250 1005 2318 libri
1036 2272 1271 2319 Leidensis
1292 2271 1492 2318 Nonium
1524 2272 1801 2319 continentis
1834 2272 2087 2335 scripturis,
2121 2288 2235 2333 quas
2265 2289 2408 2335 supra

426 2354 583 2411 adtuli,
606 2353 804 2414 denique
828 2353 1058 2415 scriptura
1078 2351 1182 2398 libri
1203 2353 1416 2399 Ambros.
1446 2355 1485 2399 l.
1518 2352 1606 2399 hoc
1637 2368 1775 2413 quem
1803 2359 2056 2400 tractamus
2087 2352 2203 2398 loco.
2268 2351 2404 2400 Nunc

425 2436 609 2481 demum
642 2433 805 2480 Isidori
839 2433 1151 2479 testimonium
1186 2433 1232 2479 in
1267 2433 1490 2479 auxilium
1526 2449 1693 2480 vocare
1730 2433 1898 2490 licebit,
1939 2446 2031 2494 quo
2059 2432 2258 2494 genuina
2287 2432 2404 2481 Fabi

424 2515 564 2560 verba
602 2514 917 2559 restituentur.
985 2512 1110 2574 Orig.
1144 2511 1332 2559 XVIIII.
1361 2514 1433 2558 19.
1470 2512 1712 2569 „Pennum
1735 2514 1912 2575 antiqui
1934 2519 2123 2558 acutum
2145 2512 2401 2559 dicebant.”

423 2595 582 2656 Itaque
603 2595 691 2640 hoc
715 2595 852 2640 modo
876 2592 1183 2650 Quintilianus
1207 2593 1410 2656 scripsit:
1446 2601 1558 2650 „aut
1589 2611 1617 2639 a
1643 2610 1797 2657 penno
1820 2594 1968 2657 (quod
1997 2599 2068 2640 est
2095 2594 2303 2656 acutum)
2328 2610 2400 2641 se-

424 2676 544 2722 curis
578 2675 794 2736 utrinque
822 2675 995 2720 habens
1035 2675 1180 2720 aciem
1217 2675 1437 2737 bipinnis:
1472 2690 1530 2721 ne
1568 2675 1751 2722 illorum
1789 2680 2011 2736 sequatur
2048 2689 2265 2731 errorem,
2303 2674 2398 2735 qui,

424 2756 532 2817 quia
554 2773 581 2800 a
602 2755 764 2818 pennis
788 2755 967 2800 duabus
990 2755 1078 2800 hoc
1103 2770 1204 2801 esse
1226 2770 1403 2814 nomen>
1418 2755 1697 2812 existimant,
1718 2755 1883 2818 pinnas
1907 2754 2060 2801 avium
2081 2754 2171 2801 dici
2191 2754 2399 2807 volunt.”

421 2837 603 2883 Pennas
642 2843 796 2881 autem
833 2836 987 2881 avium
1027 2851 1051 2880 e
1089 2836 1296 2881 vocalem
1334 2836 1523 2897 antiquo
1545 2843 1768 2898 tempore
1808 2834 2087 2882 continuisse
2118 2834 2218 2881 Vel.
2251 2834 2404 2898 Long.

419 2935 464 2982 p.
491 2918 629 2962 2243.
659 2923 877 2962 testatur:
914 2915 1115 2972 „Pinnas
1144 2932 1397 2973 murorum,
1426 2931 1602 2980 pennas
1634 2915 1787 2961 avium
1817 2914 2053 2962 dicimus.'’
2076 2943 2139 2951 —-
2160 2915 2398 2964 Homiote-
