2766 3345
386 140 746 204 conprobatur.”
810 141 1022 202 Denique
1044 142 1102 187 ab
1124 142 1210 187 hac
1233 157 1283 191 re
1306 141 1503 195 nominis
1520 142 1674 190 Latini
1694 143 1922 208 scriptura
1937 144 2061 207 apud
2076 143 2364 201 Strabonem,

387 220 617 268 Οὐελλαίου
648 239 743 268 non
774 222 922 267 aliena
952 229 1043 277 est3
1077 221 1137 267 cf.
1168 219 1323 267 Corss.
1351 220 1382 266 l.
1405 221 1436 267 l.
1466 238 1513 285 p.
1535 224 1640 270 131.
1704 223 1781 270 Ex
1806 224 1879 275 his
1906 224 2045 287 igitur
2074 222 2363 280 testimoniis,

386 303 587 350 maxime
610 303 736 364 quod
757 319 830 364 ap.
854 301 953 347 Vel.
975 300 1123 363 Long.
1147 301 1176 346 l.
1199 300 1229 346 l.
1260 299 1282 346 i
1298 301 1537 348 vocalibus
1559 303 1799 350 interiecta
1822 312 1870 351 et
1890 305 1913 352 i
1931 305 1980 352 in
2001 302 2367 369 pronominehic

386 384 591 430 adhibita
612 383 732 428 inter
754 397 802 427 se
826 387 1153 444 conparantur,
1187 381 1369 428 elucere
1395 381 1594 439 videtur,
1627 382 1785 430 literae
1816 384 1836 430 i
1856 400 2037 443 sonum,
2060 385 2140 433 ubi
2172 383 2365 448 duplicis

385 463 684 511 consonantis
717 462 816 506 vice
847 477 988 506 aurea
1026 461 1211 521 quidem
1250 468 1399 506 aetate
1436 462 1746 522 fungebatur,
1764 464 1822 508 ab
1860 465 1878 509 i
1912 466 2085 511 vocalis
2122 470 2365 529 potestate,

389 544 773 607 quemadmodum
804 542 853 587 in
883 542 958 587 hic
986 543 1259 604 pronomine
1290 543 1561 605 adparebat,
1593 544 1676 588 vix
1706 544 1941 590 diversum
1967 546 2124 592 fuisse.
2145 572 2212 580 —
2237 545 2366 592 Idem

386 624 642 670 Oorssenus
665 623 695 666 l.
718 623 748 667 l.
771 639 817 684 p.
842 624 929 667 132
955 622 1112 667 docuit
1142 623 1254 678 „das
1276 622 1374 683 j(?)
1402 622 1464 667 im
1485 621 1639 668 Inlaut
1668 622 1903 669 einfaoher
1923 623 2110 671 Worter
2136 624 2364 671 zwischen

384 703 593 750 Vokalen
616 703 736 748 nach
767 703 949 763 langem
971 702 1121 747 Vokal
1149 702 1276 747 hatte
1308 702 1443 748 einen
1472 702 1717 759 breiteren,
1750 703 2007 750 weicheren
2040 704 2136 750 und
2163 704 2363 758 vokal-

384 783 755 829 ahnlicheren
778 781 942 827 Laut.’'
964 808 1029 815 —
1050 782 1261 827 Alterum
1292 782 1308 826 i
1335 783 1493 828 literae
1524 782 1629 839 loco
1657 783 1958 829 consonantis
1989 783 2205 846 simplicis
2235 784 2363 830 adhi-

382 864 562 911 bendae
584 879 730 925 genus
752 862 817 908 ita
848 862 1034 908 demum
1061 862 1221 907 ordine
1251 869 1298 908 et
1330 862 1406 908 via
1435 862 1772 920 diiudicabitur,
1807 863 1846 910 si
1874 870 1970 910 tam
1999 863 2078 910 diu
2110 879 2138 909 a
2166 863 2319 925 priore
2348 864 2364 911 i

381 945 539 991 literae
563 942 932 1006 pronuntiandae
961 942 1154 997 ratione,
1188 958 1281 988 non
1313 948 1521 1005 tempore
1555 943 1637 989 sed
1667 949 1834 989 natura
1861 943 2153 993 abhorruisse
2177 942 2362 1004 negabi-

381 1032 473 1080 tur,
509 1024 656 1069 donec
679 1022 825 1068 iustae
858 1021 995 1071 huius
1025 1021 1395 1067 commutationis
1427 1038 1617 1068 caussae
1649 1038 1749 1068 sese
1778 1023 2041 1069 obtulerint.
2105 1022 2225 1069 Illud
2252 1022 2364 1068 mihi

382 1104 553 1150 nullius
576 1101 797 1148 momenti
820 1117 920 1146 esse
943 1101 1140 1157 videtur,
1176 1102 1301 1161 quod
1322 1102 1447 1163 apud
1475 1108 1636 1164 poetas
1667 1118 1829 1148 revera
1849 1102 2145 1148 consonantis
2166 1102 2260 1148 vim
2280 1102 2362 1158 ha7

381 1187 475 1241 bet,
511 1200 616 1229 nam
639 1184 759 1227 idem
782 1182 828 1226 in
852 1182 1047 1226 alterum
1070 1197 1215 1242 genus
1239 1182 1375 1238 cadit,
1399 1182 1531 1227 cuius
1553 1183 1977 1245 pronuntiationem
1995 1182 2229 1229 Ciceronis
2245 1189 2360 1228 tem-

382 1266 574 1329 poribus
596 1263 790 1323 Velique
814 1262 961 1322 Longi
991 1263 1306 1323 cognovimus.
1374 1262 1509 1318 Quod
1541 1263 1556 1307 i
1588 1269 1694 1308 ante
1715 1263 1900 1309 vocales
1932 1280 2027 1309 non
2058 1263 2207 1309 solum
2237 1264 2362 1327 apud

380 1353 555 1410 poetas,
590 1344 671 1390 sed
694 1343 880 1389 omnino
904 1342 950 1387 in
974 1342 1073 1405 ipso
1098 1358 1308 1388 sermone
1330 1342 1496 1389 Latino
1519 1343 1818 1390 consonantis
1838 1343 1941 1389 loco
1963 1343 2233 1401 habebatur,
2267 1359 2361 1390 non

380 1433 624 1490 propterea
645 1425 821 1470 factum
843 1439 943 1469 esse
966 1423 1164 1480 videtur,
1199 1423 1307 1484 quia
1330 1439 1663 1485 usquequaque
1678 1424 1763 1486 jod
1782 1424 2082 1471 Germanicae
2104 1425 2262 1472 literae
2286 1441 2359 1471 so·

380 1522 495 1554 num
517 1505 781 1561 obtinuerit,
817 1505 898 1550 sed
938 1504 1046 1565 quia
1084 1511 1245 1567 suapte
1284 1511 1465 1561 natura,
1503 1511 1553 1550 ut
1583 1521 1627 1561 u,
1663 1520 1769 1551 cum
1806 1505 2042 1552 vocalibus
2082 1505 2273 1552 diversis
2312 1505 2359 1552 in

381 1603 527 1634 unum
549 1601 715 1632 sonum
737 1584 994 1630 coalescere
1018 1584 1192 1645 nequit.
1260 1583 1385 1641 Quae
1409 1600 1483 1630 res
1512 1584 1559 1630 in
1591 1584 1690 1631 aliis
1719 1584 1955 1632 vocalibus
1985 1601 2118 1632 secus
2150 1601 2250 1632 sese
2277 1585 2359 1632 ha-

378 1669 472 1723 bet,
510 1674 561 1712 ut
583 1665 891 1721 Quintilianus
922 1665 1043 1710 infra
1074 1664 1245 1711 dixisse
1278 1665 1581 1710 existimatur.
1646 1665 1872 1727 Exempla
1902 1681 2029 1722 vero,
2064 1681 2181 1726 quae
2205 1664 2358 1712 Corss.

378 1748 407 1792 l.
432 1748 461 1793 l.
486 1765 531 1809 p.
556 1748 641 1791 127
668 1746 727 1790 ad
749 1745 876 1790 illum
900 1761 1066 1790 sonum
1089 1744 1393 1790 evincendum
1416 1745 1594 1801 adtulit,
1630 1752 1802 1790 certam
1826 1745 2124 1806 stabilemque
2148 1761 2359 1791 caussam

378 1828 597 1874 exhibere
632 1842 725 1871 non
763 1825 913 1871 video,
980 1824 1225 1871 Praeterea
1265 1841 1432 1870 nomen
1472 1825 1488 1871 i
1525 1825 1822 1871 consonantis
1860 1826 1985 1888 apud
2021 1826 2358 1887 grammaticos,

379 1909 491 1970 quid
513 1908 560 1953 in
584 1923 750 1953 sonum
773 1906 939 1962 valeat,
973 1922 1084 1950 mox
1116 1905 1386 1951 videbimus.
1410 1933 1474 1940 —
1495 1905 1533 1951 E
1557 1906 1789 1951 contrario
1822 1906 1956 1968 plura
1987 1913 2110 1963 sunt,
2144 1923 2262 1967 quae
2285 1922 2358 1953 me

377 1984 634 2053 inpediunt,
662 1986 907 2048 quominus
933 2002 1040 2032 cum
1064 1984 1293 2032 Corsseno
1318 1993 1378 2043 et,
1403 1986 1491 2032 nisi
1512 1986 1660 2043 fallor,
1695 1986 1790 2032 fere
1815 1985 2027 2033 omnibus
2050 1987 2357 2049 grammaticis

376 2072 577 2125 credam,
612 2070 626 2114 i
650 2068 947 2114 consonantis
972 2067 1124 2112 officio
1148 2068 1417 2128 fungentem
1440 2068 1530 2113 iam
1551 2069 1789 2128 Augustea
1811 2074 1960 2113 aetate
1991 2068 2241 2130 primisque
2273 2069 2357 2113 im-

375 2157 643 2214 peratorum
667 2148 859 2193 saeculis
894 2163 1060 2193 sonum
1085 2147 1219 2204 „iod”
1245 2147 1545 2194 Germanicae
1577 2155 1813 2209 tamquam
1844 2147 2096 2209 legitimum
2126 2148 2355 2194 habuisse.

375 2232 606 2287 Primum,
651 2230 778 2290 quod
807 2244 890 2291 per
922 2245 970 2274 se
1001 2246 1165 2291 parum
1194 2229 1339 2285 valet,
1375 2228 1643 2285 Quintiliani
1674 2229 1839 2292 ipsius,
1875 2244 2095 2275 sonorum
2127 2229 2356 2276 exactoris

376 2311 627 2358 acutissimi
649 2310 1040 2369 reliquorumque,
1076 2309 1164 2353 nisi
1193 2309 1341 2364 fallor,
1377 2310 1583 2354 omnium
1611 2309 2014 2370 grammaticorum
2043 2308 2356 2369 antiquiorum

377 2399 422 2437 et
443 2390 704 2452 aequalium
728 2389 959 2434 silentium
999 2390 1054 2434 de
1088 2388 1116 2445 i,
1153 2388 1231 2434 ubi
1270 2389 1567 2435 consonantis
1606 2389 1707 2435 loco
1746 2389 2016 2445 habebatur,
2050 2389 2107 2435 ab
2139 2388 2154 2434 i
2184 2388 2355 2436 vocalis

377 2489 504 2528 son0‚
539 2469 871 2534 pronuntiandi
893 2469 1171 2516 diversitate.
1237 2469 1422 2516 Maioris
1444 2486 1556 2516 vero
1582 2469 1801 2515 momenti
1825 2468 2089 2515 Terentiani
2110 2468 2259 2516 Mauri
2283 2486 2352 2517 vs·

378 2555 468 2598 660
494 2569 537 2614 p.
558 2552 684 2597 2394
707 2550 759 2596 Ρ.
783 2549 1099 2605 testimonium
1123 2565 1222 2596 esse
1246 2566 1427 2606 censeo,
1462 2549 1593 2596 cuius
1623 2556 1748 2596 aetas
1774 2549 1911 2596 etiam
1945 2555 2051 2611 post
2071 2548 2355 2597 Lachmanni

376 2631 732 2695 disputationem
755 2635 938 2676 acutam
961 2637 1007 2676 et
1030 2631 1214 2676 doctam
1237 2631 1444 2677 nondum
1470 2629 1579 2676 satis
1604 2636 1800 2677 constat.

405 2730 474 2759 vs·
504 2715 608 2758 660.
645 2747 672 2768 „
677 2745 944 2756 .........
970 2728 997 2757 a
1018 2711 1254 2757 vocalibus
1280 2713 1364 2773 (sc.
1389 2711 1405 2757 i
1427 2718 1473 2757 et
1497 2712 1546 2772 u)

404 2808 595 2856 prorsus
622 2825 889 2836 .........
916 2792 1222 2853 segegrandas
1247 2791 1310 2837 sic
1336 2798 1555 2852 utrasque
1580 2792 1665 2852 (sc.
1691 2790 1706 2836 i
1728 2797 1775 2836 et
1798 2806 1828 2835 u
1851 2791 2000 2851 cons.)
2026 2790 2298 2848 existimem,

403 2889 571 2921 nomen
596 2872 611 2917 i
633 2873 758 2934 quod
780 2871 1095 2930 consonantis,
1132 2888 1161 2918 u
1184 2872 1331 2920 vicem
1354 2871 1500 2918 solam
1521 2878 1651 2934 gerat
