2766 3345
359 208 581 255 alteram?
646 207 749 254 Hoc
788 207 984 252 alterum
1022 212 1206 252 tantum
1226 206 1275 252 in
1294 206 1411 253 Fabi
1431 207 1574 252 verba
1603 207 1829 267 quadrare
1856 220 2008 268 posse,
2043 205 2211 267 quibus
2243 221 2336 251 non

362 288 514 335 solum
543 282 609 332 de'
632 286 813 332 duabus
845 285 1108 346 eisdemque
1137 285 1374 333 vocalibus
1394 286 1444 331 in
1473 301 1614 331 unam
1646 285 1867 348 syllabam
1896 285 2336 347 conprehendendis,

359 367 442 413 sed
473 365 612 411 etiam
643 364 701 409 de
735 364 1030 428 diphthongis
1058 364 1224 426 agitur,
1259 365 1408 427 quivis
1442 365 1582 411 videt.
1648 364 1898 410 Enuntiato
1931 369 2087 409 autem
2116 370 2337 425 sequente

373 459 511 502 „cum
533 443 887 490 consonantium
907 443 1034 490 nulla
1055 443 1143 491 nisi
1164 443 1353 491 alteram
1373 442 1585 506 frangat'’
1605 444 1696 491 hoc
1722 443 1975 490 indicatum
2003 459 2103 490 esse
2133 443 2336 490 videtur:

364 524 560 570 duarum
582 524 935 571 consonantium
956 540 1051 571 non
1073 524 1387 582 nisialteram,
1421 524 1461 571 si
1483 523 1668 586 quidem
1688 523 1862 585 liquida
1890 523 1962 581 sit,
1996 541 2025 570 a
2054 530 2336 570 consonante

366 604 666 651 antecedente
688 620 752 653 sc.
775 611 905 652 muta
925 604 1090 666 frangi.
1154 604 1521 668 Explicationem
1542 604 1846 651 Terentianus
1866 603 2055 650 Maurus
2075 605 2266 667 praebet

371 685 478 731 832.
514 683 774 742 „Quattuor
794 691 902 748 post
921 685 1042 733 hanc
1068 685 1153 745 (sc.
1176 684 1236 746 E)
1258 685 1430 732 locatas
1455 686 1541 746 (sc.
1563 683 1617 741 L,
1639 684 1701 741 M,
1723 682 1780 741 N,
1802 683 1864 745 R)
1888 682 2092 731 Graecus
2115 685 2230 731 udas
2252 701 2334 729 no·

862 795 865 797 -
1123 764 1300 822 minati3

360 844 538 891 lubrica
558 851 630 891 est
649 852 815 890 natura
835 845 882 890 in
904 845 991 891 illis
1014 860 1198 905 nanque
1221 852 1267 890 et
1289 845 1492 891 alternus
1514 845 1660 906 vigor,

364 939 488 970 nunc
513 923 635 970 enim
655 924 827 971 vocalis
849 941 1000 981 usum,
1028 940 1159 970 nunc
1180 924 1442 970 ministrant
1462 940 1708 980 consonae,

368 1009 415 1049 et
434 1004 605 1067 pedum
625 1003 700 1050 vel
720 1004 829 1050 hinc
851 1004 925 1051 vel
946 1004 1053 1050 inde
1076 1003 1318 1051 sublevant
1339 1002 1644 1051 discrimina.”

553 1082 674 1130 Olim
698 1084 859 1146 putavi
880 1085 1022 1131 verba
1043 1084 1120 1130 illa
1140 1083 1262 1130 facili
1284 1084 1598 1130 emendatione
1621 1084 1774 1131 sanari
1795 1099 1947 1146 posse,
1981 1084 2021 1130 si
2041 1084 2330 1130 scriberetur:

365 1178 504 1221 „cum
525 1164 879 1210 consonantium
901 1164 1028 1211 nulla
1048 1163 1137 1210 nisi
1159 1163 1303 1210 altera
1328 1162 1616 1225 frangatur‚”
1652 1165 1733 1210 sed
1762 1180 1856 1209 non
1891 1163 2075 1210 difficile
2104 1170 2188 1220 est,
2223 1164 2332 1224 quid

361 1242 469 1289 huic
492 1242 783 1290 coniecturae
807 1245 972 1302 obstet,
1006 1243 1222 1308 reperire.
1290 1244 1495 1291 Tertium
1515 1244 1728 1291 binarum
1750 1243 1988 1290 literarum
2009 1243 2055 1289 in
2080 1261 2219 1290 unam
2241 1243 2331 1306 syl-

362 1323 513 1368 labam
533 1323 959 1385 coniungendarum
977 1340 1123 1386 genus
1146 1331 1194 1370 et
1214 1324 1320 1370 inde
1350 1340 1470 1370 nova
1498 1341 1715 1370 sonorum
1748 1324 1951 1369 conditio
1982 1330 2083 1368 tum
2112 1323 2331 1379 exoritur,

362 1401 401 1447 si
422 1401 439 1447 i
460 1408 508 1447 et
528 1419 560 1448 u
583 1403 741 1449 literae
764 1404 850 1450 sibi
873 1421 1081 1465 quaeque
1103 1405 1324 1450 insidunt.
1389 1403 1459 1451 De
1480 1404 1496 1449 i
1518 1405 1603 1450 sibi
1623 1404 1851 1449 insidente
1872 1404 1919 1449 in
1941 1404 2166 1449 vocabulo
2192 1419 2330 1459 „con-

361 1479 484 1527 iicit”
507 1480 696 1528 Lachm.
720 1483 813 1544 egit
841 1484 900 1529 ad
923 1482 1090 1530 Graium
1111 1483 1189 1529 ΠΙ.
1219 1485 1305 1529 119
1340 1490 1388 1529 et
1416 1483 1463 1528 in
1492 1499 1654 1529 comm.
1684 1483 1821 1530 Luer.
1854 1501 1899 1546 p.
1923 1485 2026 1529 136.
2094 1483 2185 1528 Sed
2212 1482 2329 1539 vide,

363 1576 483 1606 anne
511 1561 601 1608 hoc
630 1563 768 1608 modo
797 1564 939 1609 verba
970 1563 1018 1609 in
1053 1563 1226 1609 iustum
1256 1563 1463 1609 ordinem
1498 1563 1776 1625 redigantur,
1812 1564 1850 1610 si
1888 1562 2124 1610 scribitur:
2160 1562 2330 1623 „Atqui

359 1640 493 1685 litera
514 1640 537 1685 I
558 1641 643 1686 sibi
665 1642 821 1688 insidit
842 1643 1040 1699 coniicit,
1075 1649 1146 1689 est
1167 1643 1290 1688 enim
1312 1643 1369 1688 ab
1386 1643 1461 1689 illo
1484 1642 1631 1689 iacit.’'
