<?xml version="1.0" encoding="UTF-8"?>
<!DOCTYPE html PUBLIC "-//W3C//DTD XHTML 1.0 Transitional//EN"
    "http://www.w3.org/TR/xhtml1/DTD/xhtml1-transitional.dtd">
<html xmlns="http://www.w3.org/1999/xhtml" xml:lang="en" lang="en">
 <head>
  <title>
</title>
<meta http-equiv="Content-Type" content="text/html;charset=utf-8" />
  <meta name='ocr-system' content='tesseract 3.04.00' />
  <meta name='ocr-capabilities' content='ocr_page ocr_carea ocr_par ocr_line ocrx_word'/>
</head>
<body>
  <div class='ocr_page' id='page_1' title='image "4777374_0030.png"; bbox 0 0 2766 3345; ppageno 0'>
   <div class='ocr_carea' id='block_1_1' title="bbox 402 157 2383 464">
    <p class='ocr_par' dir='ltr' id='par_1_1' title="bbox 402 157 2383 464">
     <span class='ocr_line' id='line_1_1' title="bbox 402 157 2382 222; baseline 0.001 -18"><span class='ocrx_word' id='word_1_1' title='bbox 402 157 541 215; x_wconf 89' lang='lat' dir='ltr'><strong>lotus,</strong></span> <span class='ocrx_word' id='word_1_2' title='bbox 574 157 778 205; x_wconf 90' lang='lat' dir='ltr'><strong>inlutus’&#39;</strong></span> <span class='ocrx_word' id='word_1_3' title='bbox 802 158 984 216; x_wconf 84' lang='lat' dir='ltr'><strong>similia,</strong></span> <span class='ocrx_word' id='word_1_4' title='bbox 1014 159 1128 206; x_wconf 88' lang='lat' dir='ltr'><strong>haec</strong></span> <span class='ocrx_word' id='word_1_5' title='bbox 1158 164 1288 205; x_wconf 83' lang='lat' dir='ltr'><strong>sunt:</strong></span> <span class='ocrx_word' id='word_1_6' title='bbox 1321 159 1519 215; x_wconf 90' lang='lat' dir='ltr'><strong>raudus,</strong></span> <span class='ocrx_word' id='word_1_7' title='bbox 1552 159 1716 216; x_wconf 89' lang='lat' dir='ltr'><strong>rodus,</strong></span> <span class='ocrx_word' id='word_1_8' title='bbox 1749 159 1894 206; x_wconf 87' lang='lat' dir='ltr'><strong>rudus</strong></span> <span class='ocrx_word' id='word_1_9' title='bbox 1915 158 2040 207; x_wconf 85' lang='lat' dir='ltr'><strong>Fest.</strong></span> <span class='ocrx_word' id='word_1_10' title='bbox 2069 175 2114 222; x_wconf 93' lang='lat' dir='ltr'><strong>p.</strong></span> <span class='ocrx_word' id='word_1_11' title='bbox 2135 160 2243 206; x_wconf 80' lang='lat'><strong>205.</strong></span> <span class='ocrx_word' id='word_1_12' title='bbox 2274 164 2382 206; x_wconf 63' lang='lat' dir='ltr'><strong>rau*-</strong></span> 
     </span>
     <span class='ocr_line' id='line_1_2' title="bbox 404 238 2383 302; baseline -0.001 -15"><span class='ocrx_word' id='word_1_13' title='bbox 404 239 665 297; x_wconf 88' lang='lat' dir='ltr'><strong>dusculum,</strong></span> <span class='ocrx_word' id='word_1_14' title='bbox 689 239 1000 296; x_wconf 90' lang='lat' dir='ltr'><strong>rodusculum,</strong></span> <span class='ocrx_word' id='word_1_15' title='bbox 1029 238 1330 286; x_wconf 82' lang='lat' dir='ltr'><strong>rudusculum</strong></span> <span class='ocrx_word' id='word_1_16' title='bbox 1351 238 1475 285; x_wconf 83' lang='lat' dir='ltr'><strong>Fest.</strong></span> <span class='ocrx_word' id='word_1_17' title='bbox 1498 256 1544 302; x_wconf 88' lang='lat' dir='ltr'><strong>p.</strong></span> <span class='ocrx_word' id='word_1_18' title='bbox 1564 241 1673 295; x_wconf 80' lang='lat'><strong>265,</strong></span> <span class='ocrx_word' id='word_1_19' title='bbox 1697 241 1804 286; x_wconf 79' lang='lat'><strong>244.</strong></span> <span class='ocrx_word' id='word_1_20' title='bbox 1872 238 1943 287; x_wconf 84' lang='lat' dir='ltr'><strong>Of.</strong></span> <span class='ocrx_word' id='word_1_21' title='bbox 1967 238 2246 288; x_wconf 86' lang='lat' dir='ltr'><strong>Corssenum</strong></span> <span class='ocrx_word' id='word_1_22' title='bbox 2267 239 2383 286; x_wconf 77' lang='lat' dir='ltr'><strong>uber</strong></span> 
     </span>
     <span class='ocr_line' id='line_1_3' title="bbox 403 318 2382 384; baseline 0.001 -18"><span class='ocrx_word' id='word_1_23' title='bbox 403 320 711 384; x_wconf 90' lang='lat' dir='ltr'><strong>Aussprache,</strong></span> <span class='ocrx_word' id='word_1_24' title='bbox 743 319 1034 366; x_wconf 89' lang='lat' dir='ltr'><strong>Vokalismus</strong></span> <span class='ocrx_word' id='word_1_25' title='bbox 1050 365 1053 368; x_wconf 72' lang='grc'>,</span> <span class='ocrx_word' id='word_1_26' title='bbox 1069 319 1164 365; x_wconf 91' lang='lat' dir='ltr'><strong>und</strong></span> <span class='ocrx_word' id='word_1_27' title='bbox 1186 318 1431 380; x_wconf 81' lang='lat' dir='ltr'><strong>Betonung</strong></span> <span class='ocrx_word' id='word_1_28' title='bbox 1463 318 1546 365; x_wconf 91' lang='lat' dir='ltr'><strong>der</strong></span> <span class='ocrx_word' id='word_1_29' title='bbox 1576 318 1875 367; x_wconf 88' lang='lat' dir='ltr'><strong>lateinischen</strong></span> <span class='ocrx_word' id='word_1_30' title='bbox 1898 319 2100 384; x_wconf 88' lang='lat' dir='ltr'><strong>Sprache</strong></span> <span class='ocrx_word' id='word_1_31' title='bbox 2132 320 2179 367; x_wconf 90' lang='lat' dir='ltr'><strong>in</strong></span> <span class='ocrx_word' id='word_1_32' title='bbox 2211 320 2298 368; x_wconf 86' lang='lat' dir='ltr'><strong>hac</strong></span> <span class='ocrx_word' id='word_1_33' title='bbox 2331 335 2382 367; x_wconf 79' lang='lat' dir='ltr'><strong>re</strong></span> 
     </span>
     <span class='ocr_line' id='line_1_4' title="bbox 402 400 1362 464; baseline -0.003 -17"><span class='ocrx_word' id='word_1_34' title='bbox 402 400 811 464; x_wconf 84' lang='lat' dir='ltr'><strong>locupletissimum</strong></span> <span class='ocrx_word' id='word_1_35' title='bbox 833 417 877 462; x_wconf 89' lang='lat' dir='ltr'><strong>p.</strong></span> <span class='ocrx_word' id='word_1_36' title='bbox 901 402 1005 445; x_wconf 86' lang='grc'><strong>170.</strong></span> <span class='ocrx_word' id='word_1_37' title='bbox 1029 417 1075 461; x_wconf 90' lang='lat' dir='ltr'><strong>p.</strong></span> <span class='ocrx_word' id='word_1_38' title='bbox 1095 400 1362 445; x_wconf 79' lang='lat'><strong>239—265.</strong></span> 
     </span>
    </p>
   </div>
   <div class='ocr_carea' id='block_1_2' title="bbox 403 557 2383 781">
    <p class='ocr_par' dir='ltr' id='par_1_2' title="bbox 403 557 2383 781">
     <span class='ocr_line' id='line_1_5' title="bbox 592 557 2379 621; baseline 0.003 -17"><span class='ocrx_word' id='word_1_39' title='bbox 592 558 627 605; x_wconf 93' lang='grc' dir='ltr'><strong>Ι.</strong></span> <span class='ocrx_word' id='word_1_40' title='bbox 647 561 690 609; x_wconf 80' lang='lat'><strong>4,</strong></span> <span class='ocrx_word' id='word_1_41' title='bbox 714 561 786 605; x_wconf 90' lang='grc'><strong>10.</strong></span> <span class='ocrx_word' id='word_1_42' title='bbox 824 560 1007 620; x_wconf 83' lang='lat' dir='ltr'><strong>„Atque</strong></span> <span class='ocrx_word' id='word_1_43' title='bbox 1038 557 1177 604; x_wconf 92' lang='lat' dir='ltr'><strong>etiam</strong></span> <span class='ocrx_word' id='word_1_44' title='bbox 1205 557 1253 604; x_wconf 92' lang='lat' dir='ltr'><strong>in</strong></span> <span class='ocrx_word' id='word_1_45' title='bbox 1282 557 1392 621; x_wconf 89' lang='lat' dir='ltr'><strong>ipsis</strong></span> <span class='ocrx_word' id='word_1_46' title='bbox 1421 557 1658 605; x_wconf 87' lang='lat' dir='ltr'><strong>vocalibus</strong></span> <span class='ocrx_word' id='word_1_47' title='bbox 1690 559 1976 620; x_wconf 77' lang='lat' dir='ltr'><strong>grammatici</strong></span> <span class='ocrx_word' id='word_1_48' title='bbox 2006 567 2077 607; x_wconf 88' lang='lat' dir='ltr'><strong>est</strong></span> <span class='ocrx_word' id='word_1_49' title='bbox 2105 560 2288 620; x_wconf 84' lang='lat' dir='ltr'><strong>videre,</strong></span> <span class='ocrx_word' id='word_1_50' title='bbox 2320 579 2379 610; x_wconf 88' lang='lat' dir='ltr'><strong>an</strong></span> 
     </span>
     <span class='ocr_line' id='line_1_6' title="bbox 403 638 2383 702; baseline 0.002 -16"><span class='ocrx_word' id='word_1_51' title='bbox 403 641 577 701; x_wconf 86' lang='lat' dir='ltr'><strong>aliquas</strong></span> <span class='ocrx_word' id='word_1_52' title='bbox 609 656 693 702; x_wconf 91' lang='lat' dir='ltr'><strong>pro</strong></span> <span class='ocrx_word' id='word_1_53' title='bbox 727 639 1087 686; x_wconf 80' lang='lat' dir='ltr'><strong>consonantibus</strong></span> <span class='ocrx_word' id='word_1_54' title='bbox 1117 655 1229 685; x_wconf 90' lang='lat' dir='ltr'><strong>usus</strong></span> <span class='ocrx_word' id='word_1_55' title='bbox 1260 638 1508 701; x_wconf 85' lang='lat' dir='ltr'><strong>acceperit,</strong></span> <span class='ocrx_word' id='word_1_56' title='bbox 1544 638 1652 699; x_wconf 89' lang='lat' dir='ltr'><strong>quia</strong></span> <span class='ocrx_word' id='word_1_57' title='bbox 1678 639 1770 685; x_wconf 88' lang='lat' dir='ltr'><strong>iam</strong></span> <span class='ocrx_word' id='word_1_58' title='bbox 1798 639 1919 685; x_wconf 90' lang='lat' dir='ltr'><strong>sicut</strong></span> <span class='ocrx_word' id='word_1_59' title='bbox 1946 646 2042 686; x_wconf 89' lang='lat' dir='ltr'><strong>tam</strong></span> <span class='ocrx_word' id='word_1_60' title='bbox 2072 641 2301 700; x_wconf 80' lang='lat' dir='ltr'><strong>scribitur,</strong></span> <span class='ocrx_word' id='word_1_61' title='bbox 2335 650 2383 689; x_wconf 86' lang='lat' dir='ltr'><strong>et</strong></span> 
     </span>
     <span class='ocr_line' id='line_1_7' title="bbox 403 717 1294 781; baseline -0.003 -15"><span class='ocrx_word' id='word_1_62' title='bbox 403 738 519 781; x_wconf 88' lang='lat' dir='ltr'><strong>quos</strong></span> <span class='ocrx_word' id='word_1_63' title='bbox 544 727 595 765; x_wconf 90' lang='lat' dir='ltr'><strong>ut</strong></span> <span class='ocrx_word' id='word_1_64' title='bbox 617 718 740 766; x_wconf 84' lang='lat' dir='ltr'><strong>cos.&#39;&#39;</strong></span> <span class='ocrx_word' id='word_1_65' title='bbox 777 717 893 779; x_wconf 86' lang='lat' dir='ltr'><strong>(Ser.</strong></span> <span class='ocrx_word' id='word_1_66' title='bbox 919 718 1019 763; x_wconf 90' lang='lat' dir='ltr'><strong>cod.</strong></span> <span class='ocrx_word' id='word_1_67' title='bbox 1043 719 1202 764; x_wconf 92' lang='lat' dir='ltr'><strong>Ambr.</strong></span> <span class='ocrx_word' id='word_1_68' title='bbox 1231 719 1294 778; x_wconf 84' lang='lat'><strong>1.)</strong></span> 
     </span>
    </p>
   </div>
   <div class='ocr_carea' id='block_1_3' title="bbox 392 877 2378 2947">
    <p class='ocr_par' dir='ltr' id='par_1_3' title="bbox 392 877 2378 2947">
     <span class='ocr_line' id='line_1_8' title="bbox 592 877 2378 942; baseline 0.002 -17"><span class='ocrx_word' id='word_1_69' title='bbox 592 880 718 925; x_wconf 89' lang='lat' dir='ltr'><strong>Haec</strong></span> <span class='ocrx_word' id='word_1_70' title='bbox 739 879 882 924; x_wconf 86' lang='lat' dir='ltr'><strong>verba</strong></span> <span class='ocrx_word' id='word_1_71' title='bbox 902 878 1109 940; x_wconf 81' lang='lat' dir='ltr'><strong>plurimis</strong></span> <span class='ocrx_word' id='word_1_72' title='bbox 1133 878 1478 924; x_wconf 80' lang='lat' dir='ltr'><strong>difficultatibus</strong></span> <span class='ocrx_word' id='word_1_73' title='bbox 1509 877 1711 924; x_wconf 84' lang='lat' dir='ltr'><strong>obnoxia</strong></span> <span class='ocrx_word' id='word_1_74' title='bbox 1739 894 1840 924; x_wconf 87' lang='lat' dir='ltr'><strong>esse</strong></span> <span class='ocrx_word' id='word_1_75' title='bbox 1867 878 2171 942; x_wconf 83' lang='lat' dir='ltr'><strong>interpretum</strong></span> <span class='ocrx_word' id='word_1_76' title='bbox 2194 881 2378 941; x_wconf 90' lang='lat' dir='ltr'><strong>quidem</strong></span> 
     </span>
     <span class='ocr_line' id='line_1_9' title="bbox 399 958 2376 1022; baseline 0.001 -14"><span class='ocrx_word' id='word_1_77' title='bbox 399 961 554 1008; x_wconf 88' lang='lat' dir='ltr'><strong>labore</strong></span> <span class='ocrx_word' id='word_1_78' title='bbox 584 958 808 1006; x_wconf 87' lang='lat' dir='ltr'><strong>declarari</strong></span> <span class='ocrx_word' id='word_1_79' title='bbox 837 958 1034 1015; x_wconf 88' lang='lat' dir='ltr'><strong>videtur,</strong></span> <span class='ocrx_word' id='word_1_80' title='bbox 1070 975 1267 1020; x_wconf 91' lang='lat' dir='ltr'><strong>quorum</strong></span> <span class='ocrx_word' id='word_1_81' title='bbox 1295 958 1370 1004; x_wconf 91' lang='lat' dir='ltr'><strong>alii</strong></span> <span class='ocrx_word' id='word_1_82' title='bbox 1399 958 1511 1005; x_wconf 87' lang='lat' dir='ltr'><strong>alios</strong></span> <span class='ocrx_word' id='word_1_83' title='bbox 1541 965 1623 1005; x_wconf 90' lang='lat' dir='ltr'><strong>aut</strong></span> <span class='ocrx_word' id='word_1_84' title='bbox 1651 959 1910 1022; x_wconf 88' lang='lat' dir='ltr'><strong>explicandi</strong></span> <span class='ocrx_word' id='word_1_85' title='bbox 1940 966 2021 1006; x_wconf 91' lang='lat' dir='ltr'><strong>aut</strong></span> <span class='ocrx_word' id='word_1_86' title='bbox 2049 960 2235 1007; x_wconf 80' lang='lat' dir='ltr'><strong>criticae</strong></span> <span class='ocrx_word' id='word_1_87' title='bbox 2266 963 2376 1010; x_wconf 87' lang='lat' dir='ltr'><strong>artis</strong></span> 
     </span>
     <span class='ocr_line' id='line_1_10' title="bbox 399 1039 2376 1103; baseline 0.001 -16"><span class='ocrx_word' id='word_1_88' title='bbox 399 1042 685 1087; x_wconf 83' lang='lat' dir='ltr'><strong>exercendae</strong></span> <span class='ocrx_word' id='word_1_89' title='bbox 716 1046 909 1086; x_wconf 88' lang='lat' dir='ltr'><strong>conatus</strong></span> <span class='ocrx_word' id='word_1_90' title='bbox 939 1046 1293 1101; x_wconf 90' lang='lat' dir='ltr'><strong>proposuerunt.</strong></span> <span class='ocrx_word' id='word_1_91' title='bbox 1360 1039 1665 1101; x_wconf 88' lang='lat' dir='ltr'><strong>Scripturam,</strong></span> <span class='ocrx_word' id='word_1_92' title='bbox 1707 1055 1846 1100; x_wconf 91' lang='lat' dir='ltr'><strong>quam</strong></span> <span class='ocrx_word' id='word_1_93' title='bbox 1884 1040 2058 1103; x_wconf 88' lang='lat' dir='ltr'><strong>recepit</strong></span> <span class='ocrx_word' id='word_1_94' title='bbox 2086 1040 2376 1103; x_wconf 85' lang='lat' dir='ltr'><strong>Spaldingius</strong></span> 
     </span>
     <span class='ocr_line' id='line_1_11' title="bbox 400 1119 2376 1180; baseline -0.001 -11"><span class='ocrx_word' id='word_1_95' title='bbox 400 1138 461 1168; x_wconf 85' lang='lat' dir='ltr'><strong>ex</strong></span> <span class='ocrx_word' id='word_1_96' title='bbox 483 1121 645 1168; x_wconf 89' lang='lat' dir='ltr'><strong>codice</strong></span> <span class='ocrx_word' id='word_1_97' title='bbox 667 1119 1067 1167; x_wconf 84' lang='lat' dir='ltr'><strong>Almeloveeniano</strong></span> <span class='ocrx_word' id='word_1_98' title='bbox 1096 1119 1344 1180; x_wconf 87' lang='lat' dir='ltr'><strong>multisque</strong></span> <span class='ocrx_word' id='word_1_99' title='bbox 1374 1119 1647 1165; x_wconf 87' lang='lat' dir='ltr'><strong>editionibus</strong></span> <span class='ocrx_word' id='word_1_100' title='bbox 1676 1119 1910 1166; x_wconf 88' lang='lat' dir='ltr'><strong>veteribus</strong></span> <span class='ocrx_word' id='word_1_101' title='bbox 1953 1120 2091 1180; x_wconf 90' lang='lat' dir='ltr'><strong>„quia</strong></span> <span class='ocrx_word' id='word_1_102' title='bbox 2125 1120 2217 1167; x_wconf 91' lang='lat' dir='ltr'><strong>iam</strong></span> <span class='ocrx_word' id='word_1_103' title='bbox 2256 1121 2376 1169; x_wconf 89' lang='lat' dir='ltr'><strong>sicut</strong></span> 
     </span>
     <span class='ocr_line' id='line_1_12' title="bbox 398 1197 2373 1262; baseline -0.001 -14"><span class='ocrx_word' id='word_1_104' title='bbox 398 1209 496 1248; x_wconf 89' lang='lat' dir='ltr'><strong>tam</strong></span> <span class='ocrx_word' id='word_1_105' title='bbox 519 1201 733 1247; x_wconf 88' lang='lat' dir='ltr'><strong>scribitur</strong></span> <span class='ocrx_word' id='word_1_106' title='bbox 757 1206 803 1245; x_wconf 91' lang='lat' dir='ltr'><strong>et</strong></span> <span class='ocrx_word' id='word_1_107' title='bbox 823 1215 907 1245; x_wconf 87' lang='lat' dir='ltr'><strong>vos</strong></span> <span class='ocrx_word' id='word_1_108' title='bbox 931 1205 982 1243; x_wconf 93' lang='lat' dir='ltr'><strong>ut</strong></span> <span class='ocrx_word' id='word_1_109' title='bbox 1004 1197 1112 1244; x_wconf 85' lang='lat' dir='ltr'><strong>cos&#39;’</strong></span> <span class='ocrx_word' id='word_1_110' title='bbox 1136 1198 1323 1261; x_wconf 89' lang='lat' dir='ltr'><strong>Sarpius</strong></span> <span class='ocrx_word' id='word_1_111' title='bbox 1353 1198 1401 1245; x_wconf 94' lang='lat' dir='ltr'><strong>in</strong></span> <span class='ocrx_word' id='word_1_112' title='bbox 1434 1198 1585 1244; x_wconf 90' lang='lat' dir='ltr'><strong>libello</strong></span> <span class='ocrx_word' id='word_1_113' title='bbox 1615 1199 1671 1245; x_wconf 94' lang='lat' dir='ltr'><strong>de</strong></span> <span class='ocrx_word' id='word_1_114' title='bbox 1691 1198 2042 1261; x_wconf 88' lang='lat' dir='ltr'><strong>Tachygraphia</strong></span> <span class='ocrx_word' id='word_1_115' title='bbox 2061 1216 2107 1262; x_wconf 92' lang='lat' dir='ltr'><strong>p.</strong></span> <span class='ocrx_word' id='word_1_116' title='bbox 2128 1201 2184 1246; x_wconf 89' lang='lat'><strong>31</strong></span> <span class='ocrx_word' id='word_1_117' title='bbox 2218 1200 2283 1247; x_wconf 90' lang='lat' dir='ltr'><strong>ita</strong></span> <span class='ocrx_word' id='word_1_118' title='bbox 2303 1201 2373 1247; x_wconf 91' lang='lat' dir='ltr'><strong>in-</strong></span> 
     </span>
     <span class='ocr_line' id='line_1_13' title="bbox 399 1278 2375 1344; baseline 0 -17"><span class='ocrx_word' id='word_1_119' title='bbox 399 1287 695 1344; x_wconf 87' lang='lat' dir='ltr'><strong>terpretatur,</strong></span> <span class='ocrx_word' id='word_1_120' title='bbox 730 1285 783 1324; x_wconf 93' lang='lat' dir='ltr'><strong>ut</strong></span> <span class='ocrx_word' id='word_1_121' title='bbox 813 1278 1088 1324; x_wconf 84' lang='lat' dir='ltr'><strong>sententiam</strong></span> <span class='ocrx_word' id='word_1_122' title='bbox 1117 1279 1177 1325; x_wconf 86' lang='lat' dir='ltr'><strong>ad</strong></span> <span class='ocrx_word' id='word_1_123' title='bbox 1204 1294 1305 1324; x_wconf 87' lang='lat' dir='ltr'><strong>eam</strong></span> <span class='ocrx_word' id='word_1_124' title='bbox 1332 1278 1753 1340; x_wconf 85' lang='lat' dir='ltr'><strong>tachygraphorum</strong></span> <span class='ocrx_word' id='word_1_125' title='bbox 1782 1279 2162 1325; x_wconf 85' lang='lat' dir='ltr'><strong>consuetudinem</strong></span> <span class='ocrx_word' id='word_1_126' title='bbox 2191 1281 2375 1338; x_wconf 86' lang='lat' dir='ltr'><strong>referat,</strong></span> 
     </span>
     <span class='ocr_line' id='line_1_14' title="bbox 402 1357 2373 1425; baseline 0 -17"><span class='ocrx_word' id='word_1_127' title='bbox 402 1378 495 1423; x_wconf 88' lang='lat' dir='ltr'><strong>qua</strong></span> <span class='ocrx_word' id='word_1_128' title='bbox 523 1360 545 1408; x_wconf 95' lang='lat' dir='ltr'>I</span> <span class='ocrx_word' id='word_1_129' title='bbox 576 1367 621 1407; x_wconf 90' lang='lat' dir='ltr'><strong>et</strong></span> <span class='ocrx_word' id='word_1_130' title='bbox 646 1359 699 1416; x_wconf 90' lang='lat' dir='ltr'><strong>T,</strong></span> <span class='ocrx_word' id='word_1_131' title='bbox 732 1358 774 1406; x_wconf 93' lang='lat' dir='ltr'>U</span> <span class='ocrx_word' id='word_1_132' title='bbox 803 1366 850 1406; x_wconf 90' lang='lat' dir='ltr'><strong>et</strong></span> <span class='ocrx_word' id='word_1_133' title='bbox 880 1357 915 1405; x_wconf 89' lang='lat' dir='ltr'>C</span> <span class='ocrx_word' id='word_1_134' title='bbox 947 1358 1173 1405; x_wconf 89' lang='lat' dir='ltr'><strong>simillimo</strong></span> <span class='ocrx_word' id='word_1_135' title='bbox 1202 1359 1438 1405; x_wconf 90' lang='lat' dir='ltr'><strong>literarum</strong></span> <span class='ocrx_word' id='word_1_136' title='bbox 1469 1359 1611 1405; x_wconf 90' lang='lat' dir='ltr'><strong>ductu</strong></span> <span class='ocrx_word' id='word_1_137' title='bbox 1642 1358 1920 1405; x_wconf 89' lang='lat' dir='ltr'><strong>scribuntur.</strong></span> <span class='ocrx_word' id='word_1_138' title='bbox 1989 1357 2060 1406; x_wconf 86' lang='lat' dir='ltr'><strong>Cf.</strong></span> <span class='ocrx_word' id='word_1_139' title='bbox 2082 1358 2138 1407; x_wconf 92' lang='lat' dir='ltr'><strong>U.</strong></span> <span class='ocrx_word' id='word_1_140' title='bbox 2161 1360 2213 1407; x_wconf 88' lang='lat' dir='ltr'><strong>F.</strong></span> <span class='ocrx_word' id='word_1_141' title='bbox 2237 1360 2373 1425; x_wconf 89' lang='lat' dir='ltr'><strong>Kopp</strong></span> 
     </span>
     <span class='ocr_line' id='line_1_15' title="bbox 400 1438 2378 1504; baseline 0 -16"><span class='ocrx_word' id='word_1_142' title='bbox 400 1441 498 1488; x_wconf 80' lang='lat' dir='ltr'><strong>Pal.</strong></span> <span class='ocrx_word' id='word_1_143' title='bbox 531 1441 629 1487; x_wconf 87' lang='lat' dir='ltr'><strong>crit.</strong></span> <span class='ocrx_word' id='word_1_144' title='bbox 663 1458 707 1504; x_wconf 88' lang='lat' dir='ltr'><strong>p.</strong></span> <span class='ocrx_word' id='word_1_145' title='bbox 729 1442 804 1486; x_wconf 88' lang='grc'><strong>91.</strong></span> <span class='ocrx_word' id='word_1_146' title='bbox 838 1441 913 1485; x_wconf 80' lang='grc'><strong>92.</strong></span> <span class='ocrx_word' id='word_1_147' title='bbox 951 1439 1003 1484; x_wconf 91' lang='lat' dir='ltr'><strong>T.</strong></span> <span class='ocrx_word' id='word_1_148' title='bbox 1030 1441 1070 1484; x_wconf 90' lang='grc'><strong>1.</strong></span> <span class='ocrx_word' id='word_1_149' title='bbox 1108 1438 1210 1485; x_wconf 94' lang='lat' dir='ltr'><strong>Hoc</strong></span> <span class='ocrx_word' id='word_1_150' title='bbox 1249 1439 1388 1501; x_wconf 82' lang='lat' dir='ltr'><strong>igitur</strong></span> <span class='ocrx_word' id='word_1_151' title='bbox 1416 1439 1517 1486; x_wconf 89' lang='lat' dir='ltr'><strong>loco</strong></span> <span class='ocrx_word' id='word_1_152' title='bbox 1554 1438 1885 1496; x_wconf 86' lang='lat' dir='ltr'><strong>Quintilianum</strong></span> <span class='ocrx_word' id='word_1_153' title='bbox 1915 1457 2050 1486; x_wconf 91' lang='lat' dir='ltr'><strong>usum</strong></span> <span class='ocrx_word' id='word_1_154' title='bbox 2079 1440 2314 1488; x_wconf 87' lang='lat' dir='ltr'><strong>literarum</strong></span> <span class='ocrx_word' id='word_1_155' title='bbox 2335 1441 2378 1489; x_wconf 93' lang='lat' dir='ltr'>U</span> 
     </span>
     <span class='ocr_line' id='line_1_16' title="bbox 400 1520 2373 1583; baseline 0 -15"><span class='ocrx_word' id='word_1_156' title='bbox 400 1523 674 1569; x_wconf 88' lang='lat' dir='ltr'><strong>rotundatae</strong></span> <span class='ocrx_word' id='word_1_157' title='bbox 705 1520 795 1567; x_wconf 87' lang='lat' dir='ltr'><strong>etl</strong></span> <span class='ocrx_word' id='word_1_158' title='bbox 825 1527 1045 1566; x_wconf 89' lang='lat' dir='ltr'><strong>cuneatae</strong></span> <span class='ocrx_word' id='word_1_159' title='bbox 1075 1536 1159 1582; x_wconf 91' lang='lat' dir='ltr'><strong>pro</strong></span> <span class='ocrx_word' id='word_1_160' title='bbox 1189 1537 1280 1566; x_wconf 91' lang='lat' dir='ltr'><strong>vau</strong></span> <span class='ocrx_word' id='word_1_161' title='bbox 1312 1527 1358 1566; x_wconf 91' lang='lat' dir='ltr'><strong>et</strong></span> <span class='ocrx_word' id='word_1_162' title='bbox 1387 1520 1465 1566; x_wconf 93' lang='lat' dir='ltr'><strong>iod</strong></span> <span class='ocrx_word' id='word_1_163' title='bbox 1493 1520 1595 1565; x_wconf 89' lang='lat' dir='ltr'><strong>ideo</strong></span> <span class='ocrx_word' id='word_1_164' title='bbox 1625 1520 1892 1583; x_wconf 86' lang='lat' dir='ltr'><strong>inprobasse</strong></span> <span class='ocrx_word' id='word_1_165' title='bbox 1920 1520 1997 1577; x_wconf 89' lang='lat' dir='ltr'><strong>ait,</strong></span> <span class='ocrx_word' id='word_1_166' title='bbox 2033 1522 2157 1581; x_wconf 92' lang='lat' dir='ltr'><strong>quod</strong></span> <span class='ocrx_word' id='word_1_167' title='bbox 2186 1522 2271 1568; x_wconf 90' lang='lat' dir='ltr'><strong>hac</strong></span> <span class='ocrx_word' id='word_1_168' title='bbox 2300 1540 2373 1568; x_wconf 62' lang='lat' dir='ltr'><strong>raf-</strong></span> 
     </span>
     <span class='ocr_line' id='line_1_17' title="bbox 398 1600 2373 1666; baseline 0.001 -18"><span class='ocrx_word' id='word_1_169' title='bbox 398 1603 524 1649; x_wconf 91' lang='lat' dir='ltr'><strong>tione</strong></span> <span class='ocrx_word' id='word_1_170' title='bbox 554 1601 683 1647; x_wconf 87' lang='lat' dir='ltr'><strong>facile</strong></span> <span class='ocrx_word' id='word_1_171' title='bbox 713 1607 1107 1647; x_wconf 84' lang='lat' dir='ltr'><strong>commutarentur</strong></span> <span class='ocrx_word' id='word_1_172' title='bbox 1136 1600 1224 1646; x_wconf 89' lang='lat' dir='ltr'><strong>iam</strong></span> <span class='ocrx_word' id='word_1_173' title='bbox 1254 1607 1301 1646; x_wconf 90' lang='lat' dir='ltr'><strong>et</strong></span> <span class='ocrx_word' id='word_1_174' title='bbox 1328 1608 1437 1656; x_wconf 87' lang='lat' dir='ltr'><strong>tam,</strong></span> <span class='ocrx_word' id='word_1_175' title='bbox 1471 1617 1554 1647; x_wconf 89' lang='lat' dir='ltr'><strong>vos</strong></span> <span class='ocrx_word' id='word_1_176' title='bbox 1584 1607 1631 1645; x_wconf 92' lang='lat' dir='ltr'><strong>et</strong></span> <span class='ocrx_word' id='word_1_177' title='bbox 1661 1616 1755 1646; x_wconf 89' lang='lat' dir='ltr'><strong>cos.</strong></span> <span class='ocrx_word' id='word_1_178' title='bbox 1779 1628 1843 1635; x_wconf 96' lang='lat'>—</span> <span class='ocrx_word' id='word_1_179' title='bbox 1867 1600 1957 1646; x_wconf 88' lang='lat' dir='ltr'><strong>Sed</strong></span> <span class='ocrx_word' id='word_1_180' title='bbox 1984 1600 2185 1663; x_wconf 90' lang='lat' dir='ltr'><strong>primum</strong></span> <span class='ocrx_word' id='word_1_181' title='bbox 2214 1603 2373 1666; x_wconf 88' lang='lat' dir='ltr'><strong>tachy-</strong></span> 
     </span>
     <span class='ocr_line' id='line_1_18' title="bbox 398 1679 2373 1745; baseline 0.001 -17"><span class='ocrx_word' id='word_1_182' title='bbox 398 1683 677 1745; x_wconf 84' lang='lat' dir='ltr'><strong>graphorum</strong></span> <span class='ocrx_word' id='word_1_183' title='bbox 716 1681 835 1727; x_wconf 91' lang='lat' dir='ltr'><strong>notis</strong></span> <span class='ocrx_word' id='word_1_184' title='bbox 876 1681 933 1726; x_wconf 96' lang='lat' dir='ltr'><strong>ob</strong></span> <span class='ocrx_word' id='word_1_185' title='bbox 973 1681 1196 1726; x_wconf 88' lang='lat' dir='ltr'><strong>incertam</strong></span> <span class='ocrx_word' id='word_1_186' title='bbox 1235 1680 1597 1743; x_wconf 89' lang='lat' dir='ltr'><strong>conpendiorum</strong></span> <span class='ocrx_word' id='word_1_187' title='bbox 1637 1679 2014 1741; x_wconf 84' lang='lat' dir='ltr'><strong>significationem</strong></span> <span class='ocrx_word' id='word_1_188' title='bbox 2046 1681 2373 1744; x_wconf 82' lang='lat' dir='ltr'><strong>scientiamque</strong></span> 
     </span>
     <span class='ocr_line' id='line_1_19' title="bbox 398 1761 2372 1826; baseline -0.001 -15"><span class='ocrx_word' id='word_1_189' title='bbox 398 1764 659 1824; x_wconf 83' lang='lat' dir='ltr'><strong>ambiguam</strong></span> <span class='ocrx_word' id='word_1_190' title='bbox 681 1762 899 1823; x_wconf 82' lang='lat' dir='ltr'><strong>exiguum</strong></span> <span class='ocrx_word' id='word_1_191' title='bbox 921 1768 1102 1807; x_wconf 91' lang='lat' dir='ltr'><strong>tantum</strong></span> <span class='ocrx_word' id='word_1_192' title='bbox 1124 1768 1409 1807; x_wconf 88' lang='lat' dir='ltr'><strong>momentum</strong></span> <span class='ocrx_word' id='word_1_193' title='bbox 1431 1761 1727 1807; x_wconf 91' lang='lat' dir='ltr'><strong>tribuendum</strong></span> <span class='ocrx_word' id='word_1_194' title='bbox 1749 1768 1835 1817; x_wconf 88' lang='lat' dir='ltr'><strong>est,</strong></span> <span class='ocrx_word' id='word_1_195' title='bbox 1869 1761 2031 1807; x_wconf 88' lang='lat' dir='ltr'><strong>deinde</strong></span> <span class='ocrx_word' id='word_1_196' title='bbox 2062 1762 2151 1808; x_wconf 93' lang='lat' dir='ltr'><strong>hoc</strong></span> <span class='ocrx_word' id='word_1_197' title='bbox 2175 1763 2372 1826; x_wconf 87' lang='lat' dir='ltr'><strong>scriptu-</strong></span> 
     </span>
     <span class='ocr_line' id='line_1_20' title="bbox 398 1840 2373 1906; baseline 0 -17"><span class='ocrx_word' id='word_1_198' title='bbox 398 1859 476 1889; x_wconf 91' lang='lat' dir='ltr'><strong>rae</strong></span> <span class='ocrx_word' id='word_1_199' title='bbox 506 1858 651 1904; x_wconf 86' lang='lat' dir='ltr'><strong>genus</strong></span> <span class='ocrx_word' id='word_1_200' title='bbox 685 1842 895 1904; x_wconf 86' lang='lat' dir='ltr'><strong>scriptori</strong></span> <span class='ocrx_word' id='word_1_201' title='bbox 921 1841 1216 1887; x_wconf 90' lang='lat' dir='ltr'><strong>indicandum</strong></span> <span class='ocrx_word' id='word_1_202' title='bbox 1248 1847 1360 1898; x_wconf 91' lang='lat' dir='ltr'><strong>erat,</strong></span> <span class='ocrx_word' id='word_1_203' title='bbox 1393 1848 1494 1886; x_wconf 90' lang='lat' dir='ltr'><strong>tum</strong></span> <span class='ocrx_word' id='word_1_204' title='bbox 1523 1841 1660 1887; x_wconf 92' lang='lat' dir='ltr'><strong>etiam</strong></span> <span class='ocrx_word' id='word_1_205' title='bbox 1690 1841 1761 1887; x_wconf 89' lang='lat' dir='ltr'><strong>his</strong></span> <span class='ocrx_word' id='word_1_206' title='bbox 1794 1840 2139 1888; x_wconf 86' lang='lat' dir='ltr'><strong>difficultatibus</strong></span> <span class='ocrx_word' id='word_1_207' title='bbox 2168 1850 2373 1906; x_wconf 87' lang='lat' dir='ltr'><strong>praeter-</strong></span> 
     </span>
     <span class='ocr_line' id='line_1_21' title="bbox 397 1921 2374 1984; baseline 0 -14"><span class='ocrx_word' id='word_1_208' title='bbox 397 1924 548 1970; x_wconf 86' lang='lat' dir='ltr'><strong>missis</strong></span> <span class='ocrx_word' id='word_1_209' title='bbox 581 1924 647 1978; x_wconf 87' lang='lat' dir='ltr'><strong>id,</strong></span> <span class='ocrx_word' id='word_1_210' title='bbox 682 1923 805 1982; x_wconf 91' lang='lat' dir='ltr'><strong>quod</strong></span> <span class='ocrx_word' id='word_1_211' title='bbox 836 1922 935 1968; x_wconf 91' lang='lat' dir='ltr'><strong>volt</strong></span> <span class='ocrx_word' id='word_1_212' title='bbox 963 1921 1172 1984; x_wconf 88' lang='lat' dir='ltr'><strong>Sarpius,</strong></span> <span class='ocrx_word' id='word_1_213' title='bbox 1208 1922 1297 1967; x_wconf 91' lang='lat' dir='ltr'><strong>iam</strong></span> <span class='ocrx_word' id='word_1_214' title='bbox 1326 1922 1428 1967; x_wconf 92' lang='lat' dir='ltr'><strong>ideo</strong></span> <span class='ocrx_word' id='word_1_215' title='bbox 1460 1921 1682 1984; x_wconf 90' lang='lat' dir='ltr'><strong>displicet,</strong></span> <span class='ocrx_word' id='word_1_216' title='bbox 1718 1922 1843 1982; x_wconf 94' lang='lat' dir='ltr'><strong>quod</strong></span> <span class='ocrx_word' id='word_1_217' title='bbox 1870 1938 1963 1967; x_wconf 93' lang='lat' dir='ltr'><strong>non</strong></span> <span class='ocrx_word' id='word_1_218' title='bbox 1994 1922 2257 1980; x_wconf 89' lang='lat' dir='ltr'><strong>similitudo,</strong></span> <span class='ocrx_word' id='word_1_219' title='bbox 2293 1925 2374 1970; x_wconf 90' lang='lat' dir='ltr'><strong>sed</strong></span> 
     </span>
     <span class='ocr_line' id='line_1_22' title="bbox 398 2001 2373 2064; baseline -0.001 -13"><span class='ocrx_word' id='word_1_220' title='bbox 398 2005 557 2052; x_wconf 88' lang='lat' dir='ltr'><strong>eadem</strong></span> <span class='ocrx_word' id='word_1_221' title='bbox 590 2002 817 2049; x_wconf 90' lang='lat' dir='ltr'><strong>scribendi</strong></span> <span class='ocrx_word' id='word_1_222' title='bbox 850 2002 966 2047; x_wconf 89' lang='lat' dir='ltr'><strong>ratio</strong></span> <span class='ocrx_word' id='word_1_223' title='bbox 999 2002 1084 2047; x_wconf 83' lang='lat' dir='ltr'><strong>illis</strong></span> <span class='ocrx_word' id='word_1_224' title='bbox 1116 2002 1267 2048; x_wconf 89' lang='lat' dir='ltr'><strong>verbis</strong></span> <span class='ocrx_word' id='word_1_225' title='bbox 1299 2002 1609 2064; x_wconf 87' lang='lat' dir='ltr'><strong>conprehendi</strong></span> <span class='ocrx_word' id='word_1_226' title='bbox 1637 2002 1833 2048; x_wconf 83' lang='lat' dir='ltr'><strong>videtur.</strong></span> <span class='ocrx_word' id='word_1_227' title='bbox 1864 2029 1928 2036; x_wconf 90' lang='lat'><strong>——</strong></span> <span class='ocrx_word' id='word_1_228' title='bbox 1965 2001 2279 2064; x_wconf 84' lang='lat' dir='ltr'><strong>Spaldingius,</strong></span> <span class='ocrx_word' id='word_1_229' title='bbox 2320 2012 2373 2050; x_wconf 89' lang='lat' dir='ltr'><strong>ut</strong></span> 
     </span>
     <span class='ocr_line' id='line_1_23' title="bbox 396 2081 2374 2144; baseline -0.001 -13"><span class='ocrx_word' id='word_1_230' title='bbox 396 2085 516 2131; x_wconf 89' lang='lat' dir='ltr'><strong>inter</strong></span> <span class='ocrx_word' id='word_1_231' title='bbox 554 2084 644 2129; x_wconf 85' lang='lat' dir='ltr'><strong>iam</strong></span> <span class='ocrx_word' id='word_1_232' title='bbox 683 2089 730 2129; x_wconf 88' lang='lat' dir='ltr'><strong>et</strong></span> <span class='ocrx_word' id='word_1_233' title='bbox 766 2089 882 2139; x_wconf 90' lang='lat' dir='ltr'><strong>tam,</strong></span> <span class='ocrx_word' id='word_1_234' title='bbox 918 2082 982 2128; x_wconf 88' lang='lat' dir='ltr'><strong>sic</strong></span> <span class='ocrx_word' id='word_1_235' title='bbox 1022 2081 1141 2128; x_wconf 84' lang='lat' dir='ltr'><strong>inter</strong></span> <span class='ocrx_word' id='word_1_236' title='bbox 1169 2099 1253 2128; x_wconf 91' lang='lat' dir='ltr'><strong>vos</strong></span> <span class='ocrx_word' id='word_1_237' title='bbox 1286 2089 1332 2128; x_wconf 91' lang='lat' dir='ltr'><strong>et</strong></span> <span class='ocrx_word' id='word_1_238' title='bbox 1362 2098 1441 2128; x_wconf 93' lang='lat' dir='ltr'><strong>cos</strong></span> <span class='ocrx_word' id='word_1_239' title='bbox 1470 2099 1629 2144; x_wconf 86' lang='lat' dir='ltr'><strong>parem</strong></span> <span class='ocrx_word' id='word_1_240' title='bbox 1657 2088 1790 2144; x_wconf 88' lang='lat' dir='ltr'><strong>putat</strong></span> <span class='ocrx_word' id='word_1_241' title='bbox 1819 2081 2101 2129; x_wconf 88' lang='lat' dir='ltr'><strong>intercedere</strong></span> <span class='ocrx_word' id='word_1_242' title='bbox 2132 2083 2374 2141; x_wconf 89' lang='lat' dir='ltr'><strong>rationem,</strong></span> 
     </span>
     <span class='ocr_line' id='line_1_24' title="bbox 397 2162 2371 2226; baseline 0 -15"><span class='ocrx_word' id='word_1_243' title='bbox 397 2164 641 2224; x_wconf 88' lang='lat' dir='ltr'><strong>utrobique</strong></span> <span class='ocrx_word' id='word_1_244' title='bbox 664 2163 785 2209; x_wconf 89' lang='lat' dir='ltr'><strong>enim</strong></span> <span class='ocrx_word' id='word_1_245' title='bbox 807 2163 1013 2209; x_wconf 88' lang='lat' dir='ltr'><strong>vocalem</strong></span> <span class='ocrx_word' id='word_1_246' title='bbox 1035 2162 1108 2208; x_wconf 90' lang='lat' dir='ltr'><strong>hic</strong></span> <span class='ocrx_word' id='word_1_247' title='bbox 1132 2162 1188 2219; x_wconf 92' lang='lat' dir='ltr'><strong>U,</strong></span> <span class='ocrx_word' id='word_1_248' title='bbox 1223 2162 1311 2208; x_wconf 91' lang='lat' dir='ltr'><strong>illic</strong></span> <span class='ocrx_word' id='word_1_249' title='bbox 1335 2162 1366 2208; x_wconf 83' lang='lat' dir='ltr'>J</span> <span class='ocrx_word' id='word_1_250' title='bbox 1396 2162 1520 2208; x_wconf 89' lang='lat' dir='ltr'><strong>abire</strong></span> <span class='ocrx_word' id='word_1_251' title='bbox 1549 2162 1595 2208; x_wconf 92' lang='lat' dir='ltr'><strong>in</strong></span> <span class='ocrx_word' id='word_1_252' title='bbox 1626 2168 1972 2219; x_wconf 87' lang='lat' dir='ltr'><strong>consonantem,</strong></span> <span class='ocrx_word' id='word_1_253' title='bbox 2006 2169 2059 2209; x_wconf 89' lang='lat' dir='ltr'><strong>ut</strong></span> <span class='ocrx_word' id='word_1_254' title='bbox 2085 2164 2232 2226; x_wconf 91' lang='lat' dir='ltr'><strong>possit</strong></span> <span class='ocrx_word' id='word_1_255' title='bbox 2259 2180 2371 2211; x_wconf 90' lang='lat' dir='ltr'><strong>con-</strong></span> 
     </span>
     <span class='ocr_line' id='line_1_25' title="bbox 396 2242 2369 2308; baseline 0.001 -18"><span class='ocrx_word' id='word_1_256' title='bbox 396 2244 548 2308; x_wconf 88' lang='lat' dir='ltr'><strong>parari</strong></span> <span class='ocrx_word' id='word_1_257' title='bbox 571 2243 796 2289; x_wconf 89' lang='lat' dir='ltr'><strong>eiusmodi</strong></span> <span class='ocrx_word' id='word_1_258' title='bbox 819 2243 992 2305; x_wconf 86' lang='lat' dir='ltr'><strong>syllaba</strong></span> <span class='ocrx_word' id='word_1_259' title='bbox 1014 2258 1120 2288; x_wconf 90' lang='lat' dir='ltr'><strong>cum</strong></span> <span class='ocrx_word' id='word_1_260' title='bbox 1143 2242 1300 2298; x_wconf 84' lang='lat' dir='ltr'><strong>altera,</strong></span> <span class='ocrx_word' id='word_1_261' title='bbox 1335 2242 1381 2287; x_wconf 93' lang='lat' dir='ltr'><strong>in</strong></span> <span class='ocrx_word' id='word_1_262' title='bbox 1413 2242 1543 2288; x_wconf 91' lang='lat' dir='ltr'><strong>cuius</strong></span> <span class='ocrx_word' id='word_1_263' title='bbox 1574 2242 1702 2288; x_wconf 88' lang='lat' dir='ltr'><strong>initio</strong></span> <span class='ocrx_word' id='word_1_264' title='bbox 1735 2242 1794 2288; x_wconf 92' lang='lat' dir='ltr'><strong>sit</strong></span> <span class='ocrx_word' id='word_1_265' title='bbox 1821 2242 2066 2289; x_wconf 85' lang='lat' dir='ltr'><strong>manifesta</strong></span> <span class='ocrx_word' id='word_1_266' title='bbox 2094 2259 2369 2291; x_wconf 90' lang='lat' dir='ltr'><strong>consonans.</strong></span> 
     </span>
     <span class='ocr_line' id='line_1_26' title="bbox 396 2321 2370 2385; baseline -0.001 -14"><span class='ocrx_word' id='word_1_267' title='bbox 396 2325 611 2371; x_wconf 86' lang='lat' dir='ltr'><strong>Residere</strong></span> <span class='ocrx_word' id='word_1_268' title='bbox 640 2330 795 2369; x_wconf 88' lang='lat' dir='ltr'><strong>autem</strong></span> <span class='ocrx_word' id='word_1_269' title='bbox 826 2322 1094 2385; x_wconf 90' lang='lat' dir='ltr'><strong>scrupulum</strong></span> <span class='ocrx_word' id='word_1_270' title='bbox 1116 2322 1406 2385; x_wconf 83' lang='lat' dir='ltr'><strong>Spaldingius</strong></span> <span class='ocrx_word' id='word_1_271' title='bbox 1439 2339 1523 2368; x_wconf 90' lang='lat' dir='ltr'><strong>suo</strong></span> <span class='ocrx_word' id='word_1_272' title='bbox 1557 2322 1656 2368; x_wconf 90' lang='lat' dir='ltr'><strong>iure</strong></span> <span class='ocrx_word' id='word_1_273' title='bbox 1687 2321 1899 2369; x_wconf 86' lang='lat' dir='ltr'><strong>adfirmat</strong></span> <span class='ocrx_word' id='word_1_274' title='bbox 1929 2322 1977 2368; x_wconf 92' lang='lat' dir='ltr'><strong>in</strong></span> <span class='ocrx_word' id='word_1_275' title='bbox 2005 2323 2149 2369; x_wconf 88' lang='lat' dir='ltr'><strong>verbo</strong></span> <span class='ocrx_word' id='word_1_276' title='bbox 2180 2324 2370 2379; x_wconf 90' lang='lat' dir='ltr'><strong>„scribi-</strong></span> 
     </span>
     <span class='ocr_line' id='line_1_27' title="bbox 396 2400 2368 2466; baseline 0.001 -16"><span class='ocrx_word' id='word_1_277' title='bbox 396 2403 514 2460; x_wconf 81' lang='lat' dir='ltr'><strong>tur’&#39;,</strong></span> <span class='ocrx_word' id='word_1_278' title='bbox 548 2420 634 2466; x_wconf 89' lang='lat' dir='ltr'><strong>pro</strong></span> <span class='ocrx_word' id='word_1_279' title='bbox 659 2419 752 2464; x_wconf 94' lang='lat' dir='ltr'><strong>quo</strong></span> <span class='ocrx_word' id='word_1_280' title='bbox 774 2402 902 2448; x_wconf 90' lang='lat' dir='ltr'><strong>malit</strong></span> <span class='ocrx_word' id='word_1_281' title='bbox 926 2402 1300 2465; x_wconf 87' lang='lat' dir='ltr'><strong>„pronuntiatur,</strong></span> <span class='ocrx_word' id='word_1_282' title='bbox 1335 2400 1545 2448; x_wconf 88' lang='lat' dir='ltr'><strong>dicitur&#39;&#39;.</strong></span> <span class='ocrx_word' id='word_1_283' title='bbox 1612 2401 1942 2462; x_wconf 87' lang='lat' dir='ltr'><strong>Praeterquam</strong></span> <span class='ocrx_word' id='word_1_284' title='bbox 1965 2401 2104 2463; x_wconf 85' lang='lat' dir='ltr'><strong>igitur</strong></span> <span class='ocrx_word' id='word_1_285' title='bbox 2128 2404 2252 2463; x_wconf 93' lang='lat' dir='ltr'><strong>quod</strong></span> <span class='ocrx_word' id='word_1_286' title='bbox 2274 2404 2368 2451; x_wconf 83' lang='lat' dir='ltr'><strong>edi-</strong></span> 
     </span>
     <span class='ocr_line' id='line_1_28' title="bbox 396 2482 2370 2548; baseline 0.001 -17"><span class='ocrx_word' id='word_1_287' title='bbox 396 2492 470 2532; x_wconf 90' lang='lat' dir='ltr'><strong>tor</strong></span> <span class='ocrx_word' id='word_1_288' title='bbox 491 2484 562 2530; x_wconf 91' lang='lat' dir='ltr'><strong>ille</strong></span> <span class='ocrx_word' id='word_1_289' title='bbox 586 2485 642 2530; x_wconf 92' lang='lat' dir='ltr'><strong>de</strong></span> <span class='ocrx_word' id='word_1_290' title='bbox 666 2483 808 2530; x_wconf 88' lang='lat' dir='ltr'><strong>Fabio</strong></span> <span class='ocrx_word' id='word_1_291' title='bbox 841 2499 1129 2546; x_wconf 89' lang='lat' dir='ltr'><strong>summopere</strong></span> <span class='ocrx_word' id='word_1_292' title='bbox 1158 2483 1348 2529; x_wconf 88' lang='lat' dir='ltr'><strong>meritus</strong></span> <span class='ocrx_word' id='word_1_293' title='bbox 1382 2483 1733 2529; x_wconf 91' lang='lat' dir='ltr'><strong>fundamentum</strong></span> <span class='ocrx_word' id='word_1_294' title='bbox 1754 2482 2143 2545; x_wconf 88' lang='lat' dir='ltr'><strong>interpretationis</strong></span> <span class='ocrx_word' id='word_1_295' title='bbox 2166 2484 2250 2531; x_wconf 91' lang='lat' dir='ltr'><strong>sibi</strong></span> <span class='ocrx_word' id='word_1_296' title='bbox 2271 2485 2370 2548; x_wconf 87' lang='lat' dir='ltr'><strong>ipse</strong></span> 
     </span>
     <span class='ocr_line' id='line_1_29' title="bbox 397 2563 2371 2625; baseline 0 -12"><span class='ocrx_word' id='word_1_297' title='bbox 397 2566 621 2613; x_wconf 86' lang='lat' dir='ltr'><strong>incertum</strong></span> <span class='ocrx_word' id='word_1_298' title='bbox 643 2564 854 2620; x_wconf 87' lang='lat' dir='ltr'><strong>reddidit,</strong></span> <span class='ocrx_word' id='word_1_299' title='bbox 879 2564 1106 2610; x_wconf 89' lang='lat' dir='ltr'><strong>sententia</strong></span> <span class='ocrx_word' id='word_1_300' title='bbox 1122 2564 1219 2609; x_wconf 92' lang='lat' dir='ltr'><strong>eius</strong></span> <span class='ocrx_word' id='word_1_301' title='bbox 1238 2580 1295 2609; x_wconf 92' lang='lat' dir='ltr'><strong>ne</strong></span> <span class='ocrx_word' id='word_1_302' title='bbox 1313 2564 1360 2609; x_wconf 91' lang='lat' dir='ltr'><strong>in</strong></span> <span class='ocrx_word' id='word_1_303' title='bbox 1378 2580 1432 2609; x_wconf 89' lang='lat' dir='ltr'><strong>ea</strong></span> <span class='ocrx_word' id='word_1_304' title='bbox 1455 2563 1640 2623; x_wconf 92' lang='lat' dir='ltr'><strong>quidem</strong></span> <span class='ocrx_word' id='word_1_305' title='bbox 1661 2564 1802 2609; x_wconf 88' lang='lat' dir='ltr'><strong>verba</strong></span> <span class='ocrx_word' id='word_1_306' title='bbox 1818 2580 1936 2623; x_wconf 92' lang='lat' dir='ltr'><strong>quae</strong></span> <span class='ocrx_word' id='word_1_307' title='bbox 1958 2563 2124 2625; x_wconf 90' lang='lat' dir='ltr'><strong>probat</strong></span> <span class='ocrx_word' id='word_1_308' title='bbox 2145 2566 2371 2625; x_wconf 85' lang='lat' dir='ltr'><strong>quadrare</strong></span> 
     </span>
     <span class='ocr_line' id='line_1_30' title="bbox 396 2643 2371 2707; baseline 0.001 -15"><span class='ocrx_word' id='word_1_309' title='bbox 396 2646 591 2701; x_wconf 90' lang='lat' dir='ltr'><strong>videtur,</strong></span> <span class='ocrx_word' id='word_1_310' title='bbox 624 2645 671 2691; x_wconf 92' lang='lat' dir='ltr'><strong>in</strong></span> <span class='ocrx_word' id='word_1_311' title='bbox 704 2644 870 2705; x_wconf 91' lang='lat' dir='ltr'><strong>quibus</strong></span> <span class='ocrx_word' id='word_1_312' title='bbox 901 2660 984 2707; x_wconf 91' lang='lat' dir='ltr'><strong>per</strong></span> <span class='ocrx_word' id='word_1_313' title='bbox 1013 2660 1062 2690; x_wconf 92' lang='lat' dir='ltr'><strong>se</strong></span> <span class='ocrx_word' id='word_1_314' title='bbox 1094 2644 1205 2690; x_wconf 92' lang='lat' dir='ltr'><strong>nihil</strong></span> <span class='ocrx_word' id='word_1_315' title='bbox 1233 2644 1366 2700; x_wconf 91' lang='lat' dir='ltr'><strong>inest,</strong></span> <span class='ocrx_word' id='word_1_316' title='bbox 1401 2643 1488 2690; x_wconf 93' lang='lat' dir='ltr'><strong>nisi</strong></span> <span class='ocrx_word' id='word_1_317' title='bbox 1519 2644 1678 2690; x_wconf 88' lang='lat' dir='ltr'><strong>eadem</strong></span> <span class='ocrx_word' id='word_1_318' title='bbox 1710 2643 1891 2690; x_wconf 80' lang='lat' dir='ltr'><strong>dicen‘di</strong></span> <span class='ocrx_word' id='word_1_319' title='bbox 1928 2643 2045 2690; x_wconf 88' lang='lat' dir='ltr'><strong>ratio</strong></span> <span class='ocrx_word' id='word_1_320' title='bbox 2083 2647 2371 2706; x_wconf 87' lang='lat' dir='ltr'><strong>quarundam</strong></span> 
     </span>
     <span class='ocr_line' id='line_1_31' title="bbox 393 2723 2367 2786; baseline 0 -13"><span class='ocrx_word' id='word_1_321' title='bbox 393 2727 629 2774; x_wconf 79' lang='lat' dir='ltr'><strong>literarum</strong></span> <span class='ocrx_word' id='word_1_322' title='bbox 650 2725 709 2772; x_wconf 90' lang='lat' dir='ltr'><strong>ad</strong></span> <span class='ocrx_word' id='word_1_323' title='bbox 731 2724 959 2786; x_wconf 86' lang='lat' dir='ltr'><strong>geminam</strong></span> <span class='ocrx_word' id='word_1_324' title='bbox 988 2724 1217 2771; x_wconf 91' lang='lat' dir='ltr'><strong>vocalium</strong></span> <span class='ocrx_word' id='word_1_325' title='bbox 1245 2724 1261 2771; x_wconf 94' lang='lat' dir='ltr'><strong>i</strong></span> <span class='ocrx_word' id='word_1_326' title='bbox 1291 2731 1338 2771; x_wconf 91' lang='lat' dir='ltr'><strong>et</strong></span> <span class='ocrx_word' id='word_1_327' title='bbox 1367 2742 1397 2770; x_wconf 94' lang='lat' dir='ltr'><strong>u</strong></span> <span class='ocrx_word' id='word_1_328' title='bbox 1427 2731 1640 2771; x_wconf 88' lang='lat' dir='ltr'><strong>naturam</strong></span> <span class='ocrx_word' id='word_1_329' title='bbox 1670 2723 2056 2786; x_wconf 88' lang='lat' dir='ltr'><strong>conprobandam,</strong></span> <span class='ocrx_word' id='word_1_330' title='bbox 2090 2732 2268 2772; x_wconf 86' lang='lat' dir='ltr'><strong>restant</strong></span> <span class='ocrx_word' id='word_1_331' title='bbox 2289 2728 2367 2773; x_wconf 92' lang='lat' dir='ltr'><strong>de·</strong></span> 
     </span>
     <span class='ocr_line' id='line_1_32' title="bbox 393 2802 2368 2867; baseline 0.001 -15"><span class='ocrx_word' id='word_1_332' title='bbox 393 2807 533 2867; x_wconf 87' lang='lat' dir='ltr'><strong>nique</strong></span> <span class='ocrx_word' id='word_1_333' title='bbox 557 2805 850 2861; x_wconf 85' lang='lat' dir='ltr'><strong>offensiones,</strong></span> <span class='ocrx_word' id='word_1_334' title='bbox 886 2821 1000 2865; x_wconf 89' lang='lat' dir='ltr'><strong>quas</strong></span> <span class='ocrx_word' id='word_1_335' title='bbox 1023 2804 1143 2850; x_wconf 86' lang='lat' dir='ltr'><strong>infra.</strong></span> <span class='ocrx_word' id='word_1_336' title='bbox 1165 2804 1393 2867; x_wconf 85' lang='lat' dir='ltr'><strong>explicare</strong></span> <span class='ocrx_word' id='word_1_337' title='bbox 1425 2805 1641 2851; x_wconf 90' lang='lat' dir='ltr'><strong>conabor.</strong></span> <span class='ocrx_word' id='word_1_338' title='bbox 1672 2831 1736 2838; x_wconf 91' lang='lat'><strong>--</strong></span> <span class='ocrx_word' id='word_1_339' title='bbox 1769 2802 1928 2863; x_wconf 84' lang='lat' dir='ltr'><strong>Neque</strong></span> <span class='ocrx_word' id='word_1_340' title='bbox 1957 2820 2096 2865; x_wconf 90' lang='lat' dir='ltr'><strong>porro</strong></span> <span class='ocrx_word' id='word_1_341' title='bbox 2129 2806 2368 2867; x_wconf 82' lang='lat' dir='ltr'><strong>probanda</strong></span> 
     </span>
     <span class='ocr_line' id='line_1_33' title="bbox 392 2882 2366 2947; baseline -0.001 -13"><span class='ocrx_word' id='word_1_342' title='bbox 392 2893 464 2934; x_wconf 87' lang='lat' dir='ltr'><strong>est</strong></span> <span class='ocrx_word' id='word_1_343' title='bbox 485 2884 688 2934; x_wconf 89' lang='lat' dir='ltr'><strong>censoris</strong></span> <span class='ocrx_word' id='word_1_344' title='bbox 710 2883 862 2947; x_wconf 91' lang='lat' dir='ltr'><strong>Spald.</strong></span> <span class='ocrx_word' id='word_1_345' title='bbox 887 2884 1097 2932; x_wconf 85' lang='lat' dir='ltr'><strong>editionis</strong></span> <span class='ocrx_word' id='word_1_346' title='bbox 1121 2884 1378 2932; x_wconf 90' lang='lat' dir='ltr'><strong>emendatio</strong></span> <span class='ocrx_word' id='word_1_347' title='bbox 1408 2884 1454 2931; x_wconf 90' lang='lat' dir='ltr'><strong>in</strong></span> <span class='ocrx_word' id='word_1_348' title='bbox 1475 2883 1608 2931; x_wconf 89' lang='lat' dir='ltr'><strong>Nova</strong></span> <span class='ocrx_word' id='word_1_349' title='bbox 1629 2899 1847 2945; x_wconf 87' lang='lat' dir='ltr'><strong>germana</strong></span> <span class='ocrx_word' id='word_1_350' title='bbox 1867 2882 2142 2931; x_wconf 88' lang='lat' dir='ltr'><strong>bibliotheca</strong></span> <span class='ocrx_word' id='word_1_351' title='bbox 2162 2884 2265 2932; x_wconf 92' lang='lat' dir='ltr'><strong>Vol.</strong></span> <span class='ocrx_word' id='word_1_352' title='bbox 2292 2889 2366 2933; x_wconf 88' lang='lat'><strong>51.</strong></span> 
     </span>
    </p>
   </div>
  </div>
 </body>
</html>
