2766 3345
404 243 563 291 leuton
586 242 698 305 „qui
720 239 855 303 quia'’
878 241 1090 303 denique,
1114 241 1239 301 quod
1260 239 1454 303 Regium
1476 248 1522 287 et
1542 240 1855 304 Spaldingium
1877 240 2081 297 offendit,
2105 241 2285 287 duobus
2307 241 2372 287 lo-

405 322 655 387 cis-‘optimi
677 320 858 369 codices
879 325 1083 366 tuentur.
1118 318 1171 376 Q.
1193 319 1272 366 III.
1300 323 1341 367 6.
1368 323 1410 367 6.
1444 319 1544 367 XII.
1574 323 1646 367 10.
1675 324 1748 367 15.

593 480 629 527 Ι.
654 483 697 526 4.
728 482 800 527 13.
836 479 1026 542 „Neque
1048 480 1132 526 has
1153 481 1290 527 modo
1324 481 1504 528 noverit
1530 480 1822 537 mutationes,
1855 497 1970 542 quas
1999 481 2214 527 adferunt
2236 481 2373 527 decli-

404 562 529 609 natio
551 568 632 608 aut
652 562 942 626 praepositiO,
966 567 1019 608 ut
1041 567 1167 607 secat
1189 561 1347 618 secuit,
1379 561 1502 608 cadit
1523 561 1709 618 excidit,
1738 561 1887 607 caedit
1909 561 2092 618 excidit,
2125 561 2271 608 calcat
2291 578 2372 608 ex-

404 643 568 700 culcat,
592 650 639 689 et
658 642 712 689 fit
733 660 761 688 a
780 642 977 689 lavando
997 641 1120 687 lotus
1150 647 1198 687 et
1224 641 1329 687 inde
1359 658 1520 688 rursus
1557 641 1698 687 illitus
1737 648 1783 687 et
1818 641 1939 687 mille
1972 642 2094 698 talia,
2134 643 2214 688 sed
2255 658 2373 703 quae

406 723 544 770 rectis
564 739 749 784 quoque
772 722 953 769 casibus
976 728 1125 767 aetate
1144 721 1440 767 transierunt.
1476 721 1594 783 (Ser.
1619 722 1720 767 cod.
1742 722 1899 766 Ambr.
1929 722 1991 782 1.)

593 882 890 946 Participium
914 880 1112 939 „illitus”
1136 881 1332 928 derivari
1360 898 1453 927 non
1474 896 1610 944 posse
1642 897 1669 926 a
1695 881 1918 927 vocabulo
1947 881 2242 928 antecedente
2274 882 2369 939 „lo—

402 963 504 1010 tus”
529 963 678 1025 quivis
698 963 837 1010 videt.
904 962 994 1009 Sed
1015 978 1073 1008 ne
1097 960 1309 1019 „illotus”
1343 961 1541 1022 quidem,
1576 961 1786 1007 codicum
1823 962 2098 1007 deteriorum
2129 963 2369 1024 scriptura,

405 1059 518 1101 eam,
543 1059 660 1105 quae
680 1043 769 1090 hoc
790 1042 892 1089 loco
915 1042 1213 1098 desideratur,
1243 1041 1399 1087 literae
1427 1041 1727 1087 mutationem
1761 1042 1967 1087 exhibet:
2000 1042 2220 1088 transitus
2249 1043 2370 1089 enim

405 1124 695 1170 consonantis
719 1140 749 1169 n
771 1123 818 1169 in
840 1122 870 1179 l,
896 1123 960 1168 ita
982 1129 1034 1168 ut
1061 1139 1146 1184 pro
1171 1120 1399 1178 „inlotus”
1424 1120 1636 1178 „illotus”
1658 1121 1905 1177 indicetur,
1947 1138 2085 1182 quam
2112 1139 2209 1167 rem
2240 1122 2367 1186 Spal-

403 1204 583 1264 dingius
604 1202 767 1264 tetigit,
789 1209 1033 1265 propterea
1052 1218 1146 1247 non
1169 1201 1354 1258 sufficit,
1386 1202 1510 1262 quod
1540 1207 1696 1246 utrum
1718 1200 2022 1257 Quintilianus
2053 1201 2279 1257 „inlotus”
2310 1220 2368 1248 an

405 1282 614 1340 „illotus”
639 1282 885 1345 scripserit,
919 1281 1008 1327 dici
1029 1281 1110 1327 vix
1132 1281 1315 1344 poterit,
1349 1281 1511 1326 deinde
1542 1282 1666 1342 quod
1694 1281 1851 1326 literae
1882 1281 1929 1326 in
1957 1282 2099 1327 verbo
2131 1281 2230 1344 ipso
2260 1298 2367 1328 con-

399 1370 601 1408 mutatae
633 1362 893 1424 exemplum
929 1367 1213 1424 expectatur.
1281 1360 1525 1417 „Fortasse
1561 1361 1722 1421 igitur,
1761 1361 1870 1406 dicit
1890 1360 2194 1423 Spaldingius,
2227 1360 2367 1417 Quin-

402 1442 586 1488 tilianus
609 1441 791 1503 scripsit
814 1439 1039 1497 „lautus”,
1063 1447 1115 1485 ut
1143 1456 1197 1486 eo
1219 1441 1369 1504 aptius
1399 1440 1562 1486 deinde
1585 1440 1755 1486 diceret
1786 1440 1920 1497 „inde
1944 1457 2104 1486 rursus
2134 1440 2368 1487 illotus.''”

400 1522 621 1568 Faciliore
643 1528 797 1566 autem
818 1521 1068 1566 mutatione
1091 1520 1259 1566 codicis
1281 1521 1439 1567 Ambr.
1468 1523 1508 1566 1.
1533 1521 1784 1584 scripturae
1821 1537 1913 1566 uno
1942 1521 2099 1567 literae
2122 1522 2265 1567 ductu
2289 1523 2366 1568 ad-

401 1602 536 1659 iectO,
569 1618 660 1663 quo
678 1617 743 1647 ex
767 1600 978 1658 „inlitus”
1004 1600 1233 1657 „inlutus”
1257 1601 1495 1657 efficiatur,
1529 1601 1773 1662 genuinam
1803 1601 1998 1646 formam
2027 1601 2292 1647 restitutum
2314 1603 2367 1648 iri

403 1681 627 1746 existimo.
695 1680 819 1737 Quae
849 1681 996 1727 forma
1027 1687 1078 1726 ut
1112 1681 1330 1743 exemplis
1369 1681 1687 1737 confirmetur,
1722 1681 1805 1726 hos
1838 1680 1963 1726 locos
1999 1682 2166 1727 addere
2200 1682 2364 1728 licebit.

405 1762 586 1819 „Inluta
621 1759 809 1807 toralia”
849 1759 961 1806 Hor.
994 1759 1136 1806 Serm.
1157 1759 1215 1807 Π.
1240 1763 1283 1806 4.
1310 1762 1383 1807 84.
1425 1761 1652 1823 scriptura
1693 1761 1793 1806 cod.
1823 1761 1960 1807 Bern.
1997 1777 2134 1821 quem
2163 1761 2365 1809 Ritterus

400 1842 439 1889 B
468 1840 718 1902 insignivit,
750 1840 945 1901 Sangall.
979 1839 1169 1902 Hispan.
1206 1840 1502 1901 aliorumque.
1571 1840 1775 1897 „Inlutos
1805 1839 2019 1886 echinos”
2049 1840 2107 1886 H.
2132 1841 2274 1887 Serm.
2307 1843 2363 1888 Π.

404 1923 446 1966 8.
472 1922 546 1966 52.
571 1936 658 1965 scr.
683 1920 782 1965 cod.
805 1919 1162 1975 Blandiniorum,
1184 1919 1319 1965 Bern.
1342 1920 1394 1966 B.
1419 1919 1549 1982 Hisp.
1574 1920 1872 1980 aliorumque.
1935 1920 2190 1976 „Vinaceos
2213 1922 2365 1968 illutos

399 2000 640 2046 etfaecem
673 1998 944 2060 relinquito'’
995 1998 1108 2044 Cato
1146 2000 1202 2044 de
1231 1999 1284 2045 R.
1315 1999 1368 2045 R.
1407 2001 1510 2044 147.
1580 1999 1698 2056 „Qui
1728 1999 1981 2062 (Christus)
2010 2017 2093 2064 per
2122 2001 2364 2050 altissimos

399 2081 600 2142 gurgites
628 2081 792 2142 pedem
823 2080 999 2124 ferebat
1029 2079 1235 2124 illutum'’
1285 2081 1457 2125 Arnob.
1486 2080 1521 2125 I.
1547 2083 1622 2125 26.
1688 2081 1825 2142 Apud
1841 2080 1992 2125 Plaut.
2011 2081 2150 2126 Paen.
2169 2081 2203 2126 Ι.
2224 2085 2266 2127 2.
2287 2085 2362 2128 22.

403 2159 548 2217 „Nam
571 2176 687 2221 quae
708 2160 860 2205 lavata
882 2166 966 2216 est,
989 2160 1077 2204 nisi
1097 2159 1312 2205 Perculta
1332 2167 1416 2216 est,
1439 2177 1542 2206 meo
1560 2161 1744 2221 quidem
1765 2160 1931 2218 animo,
1957 2161 2087 2221 quasi
2103 2161 2232 2207 illuta
2249 2163 2363 2221 est,'’

402 2241 569 2296 nescio,
599 2257 656 2284 an
687 2240 845 2302 optimi
873 2240 976 2284 libri
1007 2240 1279 2302 scripturam
1302 2239 1487 2296 „illuta”
1518 2241 1781 2303 praebeant,
1816 2242 1896 2286 sed
1927 2248 2051 2286 certe
2084 2242 2365 2301 coniectura,

401 2328 456 2366 ut
473 2320 790 2366 Doederlinius
814 2327 970 2365 censet
991 2320 1099 2382 Syn.
1122 2319 1178 2365 Π.
1197 2337 1242 2382 p.
1267 2322 1327 2365 46
1351 2320 1570 2366 elicienda
1592 2336 1691 2365 esse
1712 2320 1906 2366 videtur.
1973 2320 2094 2366 Hinc
2118 2337 2229 2368 vero
2252 2338 2364 2369 con-

400 2401 478 2462 ligi
515 2407 688 2463 potest,
726 2399 1051 2446 Doederlinum
1073 2399 1181 2463 Syn.
1208 2398 1293 2446 No.
1320 2402 1393 2445 36.
1434 2403 1458 2460 ξ
1487 2402 1557 2446 19.
1596 2401 1828 2463 propriam
1865 2401 2076 2447 vocabuli
2114 2402 2365 2461 notionem,

401 2486 539 2542 quam
565 2480 747 2537 „illuvie
777 2479 976 2524 absitus'’
1005 2480 1244 2542 expressit,
1268 2480 1495 2541 effugisse.
1563 2480 1826 2526 Transitum
1847 2481 2018 2526 vocalis
2052 2497 2079 2527 o
2109 2481 2154 2527 in
2188 2499 2234 2539 u,
2266 2500 2365 2529 rem

399 2575 522 2606 nunc
545 2559 655 2606 satis
673 2566 841 2616 notam,
858 2559 1053 2622 plurima
1074 2559 1282 2622 exempla
1303 2566 1663 2606 commonstrant
1677 2560 1805 2606 velut
1825 2560 2035 2623 pocolom
2056 2560 2247 2608 Ritschl.
2271 2563 2366 2610 fiet.

398 2640 499 2688 Lat.
522 2657 567 2703 p.
594 2642 636 2687 8.
663 2643 735 2686 17.
764 2642 835 2686 18.
859 2640 1088 2702 poculum,
1113 2640 1439 2687 consoluerunt
1460 2639 1610 2686 Senat.
1635 2657 1759 2687 cons.
1793 2641 1848 2687 de
1872 2642 1979 2688 Bac.
2018 2643 2366 2702 consuluerunt,

398 2720 618 2784 popolum
637 2719 751 2766 Mar.
774 2720 893 2767 Vict.
918 2738 962 2782 p.
983 2722 1105 2766 2458
1134 2721 1369 2783 populum,
1402 2721 1580 2783 colpam
1609 2719 1812 2767 Cassiod.
1845 2739 1890 2784 p.
1917 2724 2040 2768 2290
2073 2723 2257 2786 culpam
2287 2726 2365 2771 de·

399 2801 583 2857 deront,
621 2801 930 2863 probaveront
947 2798 1102 2856 Quint.
1124 2799 1159 2847 I.
1185 2803 1229 2846 4.
1258 2803 1330 2847 16.
1355 2802 1579 2847 dederunt
1598 2802 1924 2863 probaverunt,
1948 2803 2209 2850 faciondam
2232 2804 2365 2851 Grut.

400 2883 475 2927 95.
503 2882 544 2927 6.
574 2880 859 2938 faciundam,
889 2882 1172 2927 verecondus
1203 2879 1335 2928 Grut.
1373 2884 1508 2927 1061.
1536 2885 1576 2927 1.
1605 2883 1908 2928 verecundus.
1974 2883 2212 2929 Vocabula
2241 2887 2367 2931 deni-

399 2977 511 3022 que3
546 2960 593 3007 in
620 2961 785 3022 quibus
813 2961 995 3009 vocales
1026 2978 1100 3019 au,
1130 2978 1172 3019 o,
1202 2978 1234 3007 u
1264 2962 1555 3025 reperiuntur
1588 2962 1786 3023 quodam
1814 2964 1951 3009 modo
1978 2963 2138 3010 formis
2170 2965 2367 3023 „lautus,

1949 3041 1984 3090 C
