2766 3345
384 180 503 228 hanc
526 181 649 228 enim
673 196 814 227 sensu
834 194 918 242 per
938 184 1085 224 amm
1106 177 1276 224 tradito
1299 178 1603 225 dinoscimust

384 260 504 308 illius
526 259 874 308 conversionem
896 265 945 304 et
964 274 1061 305 vox
1082 264 1130 304 et
1150 273 1285 304 aures
1307 256 1552 321 arguunt.’'

353 340 472 389 Cum
487 340 800 396 Lachmanno,
834 338 914 400 qui
933 354 1003 385 vs.
1025 339 1113 385 662
1137 354 1223 401 pro
1246 339 1474 402 scriptura
1494 337 1706 384 editionis
1724 337 2073 385 Mediolanensis
2099 338 2325 395 „nomen”

353 419 550 469 coniecit
572 417 813 477 „momen”
840 425 1085 483 propterea
1114 419 1373 466 consentire
1394 435 1576 481 nequeo
1605 418 1713 480 quia
1733 434 1827 464 non
1852 418 2001 465 solum
2031 419 2143 465 nihil
2174 419 2221 465 in
2250 419 2326 466 illa

350 500 485 548 video
509 499 787 558 offensionis,
821 499 903 547 sed
925 498 1063 547 etiam
1084 513 1191 547 cum
1210 514 1350 547 versu
1372 504 1593 562 sequente
1609 514 1800 562 prorsus
1823 513 1924 546 eam
1946 499 2205 546 consentire
2227 499 2324 546 exi-

353 580 503 626 stimo.
568 578 672 627 Non
694 580 817 627 enim
839 579 1043 626 officium
1060 579 1309 637 literarum,
1343 580 1424 626 sed
1452 579 1556 626 soni
1584 585 1751 625 natura
1784 579 2068 625 describitur.
2135 580 2208 626 Ex
2241 580 2322 625 tri-

351 659 438 706 bus
462 665 616 706 autem
637 660 790 717 rebus,
825 676 949 721 quas,
971 658 1255 721 grammatici
1286 658 1475 721 singulis
1506 658 1650 705 literis
1681 658 1883 705 tribuere
1914 658 2076 715 solent,
2112 675 2174 705 sc.
2210 676 2323 716 „no-

352 755 472 798 men,
506 739 668 802 figura,
702 738 934 803 potestas‘’
959 737 1185 797 „nomen”
1207 746 1388 785 tantum
1411 756 1439 785 a
1461 738 1738 786 Terentiano
1767 739 1782 784 i
1811 739 2084 785 consonanti
2110 739 2197 785 hoc
2220 739 2323 785 loco

353 819 653 867 adjudicatur.
721 818 791 867 Of.
822 819 967 866 Prisc.
1004 837 1049 883 p.
1072 821 1178 866 540.
1217 817 1332 866 Mar.
1355 819 1475 866 Vict.
1514 837 1560 882 p.
1580 820 1720 865 2452.
1787 817 2033 875 Quaeritur
2070 826 2321 882 praeterea,

353 901 412 946 ad
433 916 571 961 quam
593 901 772 946 literam
792 917 861 947 vs.
883 902 990 957 663,
1024 902 1083 946 ad
1105 916 1244 961 quam
1265 916 1334 946 vs.
1354 902 1460 946 664.
1484 900 1726 963 pertineat.
1792 899 2147 945 Pronominibus
2179 899 2321 956 „haec

352 979 454 1025 ille'’
487 996 593 1026 cum
630 980 695 1025 ita
718 987 875 1025 utatur
897 980 1216 1037 Terentianus,
1251 986 1304 1024 ut
1324 987 1506 1042 praeter
1526 979 1795 1042 primarium
1818 980 2025 1025 ordinem
2048 978 2181 1036 „hic”
2205 996 2320 1040 quo-

354 1075 442 1120 que
464 1061 524 1108 ad
543 1060 671 1121 prius
695 1060 944 1105 sententiae
966 1061 1222 1105 membrum
1244 1060 1428 1116 referat,
1462 1066 1514 1104 ut
1542 1076 1611 1105 vs.
1632 1062 1708 1105 87.
1742 1075 1802 1105 ex
1833 1060 2112 1120 argumentis
2145 1059 2319 1104 extrin-

354 1154 486 1186 secus
508 1138 768 1185 adferendis
790 1145 838 1185 et
858 1155 917 1185 ex
938 1139 1186 1186 verborum
1207 1138 1413 1202 ipsorum
1435 1139 1812 1202 interpretatione
1834 1154 1908 1185 res
1926 1138 2216 1185 diiudicanda
2237 1146 2319 1185 est.

351 1218 471 1276 Quid
492 1218 631 1281 igitur
651 1218 739 1266 hoc
763 1236 824 1276 „u
845 1219 992 1266 vicem
1015 1219 1158 1267 solam
1178 1217 1335 1281 gerat”
1360 1219 1445 1266 sibi
1465 1219 1590 1266 volt?
1656 1218 1792 1276 Quod
1809 1219 1848 1266 si
1866 1219 2118 1282 „partibus,
2153 1218 2319 1276 officio,

350 1315 540 1345 munere
562 1297 795 1361 fungitur”
830 1299 1150 1362 explicaretur,
1185 1316 1279 1345 non
1311 1299 1484 1361 aliquid
1513 1300 1751 1363 proprium
1781 1317 1811 1345 u
1845 1299 2118 1346 consonanti
2147 1299 2318 1345 tribue—

350 1385 492 1437 retur,
527 1395 633 1425 nam
663 1379 784 1426 idem
814 1379 861 1426 in
891 1380 907 1426 i
935 1387 1262 1427 consonantem
1293 1380 1428 1427 cadit.
1494 1379 1654 1441 Itaque
1687 1380 1799 1426 nihil
1829 1388 2062 1443 superest,
2099 1397 2238 1441 quam
2269 1388 2321 1426 ut

352 1458 556 1517 „vicem”
578 1460 801 1507 vocabulo
822 1467 1040 1521 sequente
1064 1460 1467 1517 „conversionem”
1490 1461 1859 1523 interpretemur,
1895 1478 2012 1522 quae
2037 1461 2224 1522 quidem
2246 1479 2318 1507 ra-

349 1540 584 1588 tiocinatio
608 1556 662 1586 eo
685 1540 996 1597 confirmatur,
1021 1542 1144 1601 quod
1161 1541 1476 1597 Terentianus,
1501 1542 1579 1587 ubi
1599 1541 1646 1587 in
1669 1542 1894 1604 capitibus
1926 1543 2013 1598 „de
2035 1541 2207 1587 literis”
2233 1543 2319 1598 „de

350 1619 562 1684 syllabis”
586 1621 641 1666 de
664 1621 680 1666 i
701 1627 981 1666 consonante
1006 1622 1221 1683 disputat,
1256 1638 1483 1681 nusquam
1514 1622 1530 1666 i
1560 1622 1661 1667 soni
1687 1629 1900 1667 naturam
1931 1639 2094 1667 revera
2124 1639 2315 1668 conver-

349 1717 448 1746 sam
469 1716 568 1746 esse
589 1700 711 1756 dicit,
744 1701 791 1745 id
808 1702 932 1761 quod
949 1702 1005 1746 de
1030 1718 1060 1745 u
1079 1708 1360 1746 consonante
1382 1709 1564 1764 praeter
1585 1702 1709 1747 hunc
1725 1702 1880 1747 locum
1902 1709 1974 1747 ter
1997 1702 2107 1748 alias
2126 1711 2315 1749 conten-

349 1781 429 1827 dit.
496 1779 566 1826 Cf.
604 1796 673 1826 vs.
702 1781 791 1825 533
835 1796 902 1841 sq.
930 1782 1017 1826 642
1052 1796 1120 1842 sq.
1164 1783 1325 1826 160—
1339 1784 1441 1826 165.
1481 1808 1545 1815 —
1582 1781 1604 1827 I
1642 1797 1902 1827 consonans
1943 1797 2053 1843 ergo
2095 1797 2189 1827 non
2227 1780 2315 1826 nisi

349 1876 518 1917 „sensu
538 1876 622 1922 per
650 1866 795 1905 artem
825 1859 1021 1905 tradito”
1054 1862 1110 1906 ab
1148 1861 1163 1906 i
1198 1861 1347 1907 vocali
1387 1861 1621 1918 „dinosci”
1661 1862 1966 1908 Terentianus
2008 1862 2137 1908 dicit:
2174 1877 2315 1922 quare

347 1956 453 1987 cum
474 1956 608 1985 aures
629 1956 712 2003 per
734 1956 783 1986 se
806 1957 898 1985 non
922 1941 1189 1987 suffecerint
1210 1943 1268 1986 ad
1291 1942 1594 1987 differentiam
1616 1942 1738 1987 illam
1768 1943 2125 2005 percipiendam,
2159 1943 2174 1987 i
2203 1958 2313 1987 con-

346 2037 515 2068 sonans
538 2021 596 2067 ad
625 2020 702 2067 iod
724 2019 1021 2068 Germanicae
1053 2021 1211 2069 literae
1241 2038 1405 2069 sonum
1443 2023 1519 2069 illo
1549 2030 1755 2086 tempore
1785 2024 1991 2070 nondum
2021 2023 2315 2087 pinguefacta.

345 2118 444 2148 esse
464 2102 660 2147 videtur.
726 2100 816 2147 Sed
837 2118 929 2162 quo
946 2103 1133 2148 tandem
1149 2110 1283 2165 pacto
1306 2103 1321 2148 i
1343 2119 1601 2149 consonans
1624 2103 1782 2150 vocari
1805 2111 1960 2166 potest
1981 2121 2008 2149 a
2033 2103 2310 2150 Terentiano

345 2181 445 2246 ipso
468 2188 514 2228 et
532 2181 739 2245 pluribus
762 2181 1094 2243 grammaticis?
1159 2181 1337 2229 Nihilne
1360 2182 1567 2230 interfuit
1596 2183 1716 2230 inter
1745 2184 1761 2229 i
1789 2184 1994 2230 vocalem
2027 2190 2072 2230 et
2101 2183 2117 2229 i
2146 2200 2310 2230 conso-

345 2263 562 2309 nantem?
627 2262 744 2309 Sane
766 2261 973 2308 interfuit
993 2262 1176 2323 aliquid,
1212 2264 1292 2310 sed
1313 2280 1405 2309 non
1428 2264 1663 2320 eiusmodi,
1698 2271 1750 2310 ut
1778 2272 1990 2310 naturam
2019 2264 2121 2310 soni
2150 2281 2313 2310 revera

345 2358 615 2389 conversam
637 2348 683 2388 et
703 2358 870 2387 novam
891 2342 1060 2388 idcirco
1082 2342 1259 2388 literam
1280 2344 1582 2389 necessariam
1605 2345 1867 2389 censuerint
1889 2344 2172 2405 grammatici
2194 2344 2312 2390 anti-

347 2422 543 2484 quiores.
609 2421 790 2469 Nodum
812 2423 1024 2485 expediet
1046 2423 1345 2469 Terentianus
1368 2424 1465 2486 ipse

603 2506 707 2549 146.
744 2503 904 2559 „Hanc
931 2505 1015 2564 (sc.
1041 2504 1092 2563 u)
1116 2511 1162 2548 et
1182 2505 1317 2548 modo
1342 2520 1479 2564 quam
1504 2505 1701 2550 diximus
1725 2505 1741 2549 i
1764 2506 1898 2550 simul
1920 2506 2097 2567 iugatas

597 2600 759 2630 verum
781 2590 851 2629 est
874 2583 1071 2646 spatium
1094 2600 1272 2629 sumere
1291 2584 1475 2645 vimque
1498 2592 1848 2642 consonantum,

597 2670 650 2710 ut
672 2680 879 2725 quaeque
900 2671 1053 2710 tamen
1076 2664 1364 2710 constiterint
1384 2665 1485 2710 loco
1507 2664 1702 2727 priore.⁷'

343 2744 463 2802 Quid
483 2758 594 2792 vero
616 2743 676 2789 sit
697 2745 991 2791 consonantis
1014 2745 1214 2807 spatium
1235 2761 1295 2791 ex
1315 2745 1386 2791 his
1408 2745 1559 2791 verbis
1581 2745 1878 2807 intellegitur:

598 2826 672 2869 85.
709 2825 989 2883 „Elementa,
1011 2826 1148 2871 rudes
1172 2821 1288 2886 quae
1309 2841 1476 2888 pueros
1502 2826 1669 2871 docent
1689 2826 1909 2887 magistri,

593 2905 771 2953 vocalia
792 2907 1015 2968 quaedam
1036 2913 1305 2964 memorant,
1338 2923 1541 2953 consona
1562 2906 1800 2967 quaedam,
