2766 3345
375 150 559 209 „Duras
591 158 639 198 et
666 150 744 198 illa
773 152 859 214 (sc.
883 167 915 213 q
935 149 1087 211 litera)
1126 148 1324 213 syllabas
1360 149 1487 208 facit,
1522 166 1640 212 quae
1677 152 1737 198 ad
1773 147 2133 214 coniungendas
2155 150 2341 197 demum

372 232 605 278 subiectas
637 233 723 278 sibi
752 231 935 277 vocales
964 237 1035 276 est
1064 230 1208 286 utilis,
1242 229 1354 275 alias
1382 246 1684 297 supervacua,
1717 238 1772 278 ut
1806 248 1939 294 equos
1975 232 2061 278 hac
2098 237 2147 277 et
2181 237 2343 292 equum

373 312 616 359 scribimus
628 331 640 368 ;
674 328 779 358 cum
802 311 938 358 etiam
959 310 1084 372 ipsae
1114 309 1202 356 hae
1230 309 1415 357 vocales
1444 310 1561 357 duae
1593 311 1797 358 efficiant
1826 328 2007 370 sonum,
2041 311 2188 373 qualis
2218 310 2342 374 apud

374 391 575 438 Graecos
597 392 750 436 nullus
771 397 855 447 est,
889 390 1083 450 ideoque
1106 389 1244 436 scribi
1264 390 1446 435 illorum
1473 390 1616 436 literis
1637 407 1734 437 non
1754 391 1951 455 potest?
1983 408 2091 439 cum
2114 408 2208 454 quo
2226 391 2342 438 haec

374 473 515 518 verba
535 471 744 517 conferas
766 469 801 516 Ι.
821 472 865 515 4.
886 471 929 515 9.
955 486 1045 526 „an
1067 486 1230 515 rursus
1253 469 1366 516 aliae
1388 470 1649 516 redundent
1672 504 1683 515 .
1703 504 1715 516 .
1735 504 1746 516 .
1766 505 1777 516 .
1798 495 1812 516 ;
1829 505 1841 516 .
1865 478 1913 517 et
1932 471 1991 528 K,
2025 487 2144 532 quae
2174 479 2223 518 et
2241 471 2343 535 ipsa

374 552 664 613 quorundam
685 549 923 596 nominum
951 556 1063 596 nota
1093 556 1178 607 est,
1212 557 1259 596 et
1280 549 1334 607 Q,
1369 550 1500 596 cuius
1530 549 1687 596 similis
1717 534 1911 597 effectus
1939 551 2221 614 speciesque,
2253 551 2343 598 nisi

374 632 499 692 quod
519 631 709 693 paulum
747 647 775 675 a
812 630 981 675 nostris
1021 630 1297 691 obliquatur,
1331 646 1492 693 cappa,
1525 631 1650 692 apud
1671 629 1873 676 Graecos
1911 646 2036 677 nunc
2073 637 2256 677 tantum
2292 632 2341 678 in

371 727 563 756 numero
585 709 784 766 manet,'’
819 711 952 771 (hacc
974 711 1130 766 verba,
1166 726 1448 770 quamquam
1469 716 1688 772 corrupta
1715 725 1815 755 esse
1838 725 2020 767 censeo,
2052 716 2208 756 tamen
2230 711 2341 757 satis

369 791 522 837 valere
544 791 761 837 videntur
799 790 858 835 ad
884 789 978 835 vim
1015 805 1046 850 q
1066 789 1223 836 literae
1254 790 1648 853 conprobandum)
1677 789 2053 836 verisimillimum
2076 789 2132 836 fit
2162 788 2341 847 Quinti-

368 871 544 916 lianum
567 888 597 915 u
620 886 726 916 cum
749 886 780 931 q
802 886 943 915 unam
972 870 1104 930 quasi
1130 870 1309 916 literam
1337 870 1612 916 efficientem
1638 870 1868 916 habuisse.
1931 870 2131 917 Eosdem
2159 877 2339 934 praete-

370 968 451 997 rea
470 952 596 996 locos
620 951 659 996 si
680 966 786 996 cum
824 966 879 996 eo
914 966 1052 1010 quem
1082 966 1205 995 nunc
1234 957 1486 996 tractamus
1515 950 1853 1014 conparaveris,
1885 950 2080 997 Fabium
2109 967 2143 996 u
2169 957 2278 1014 post
2309 967 2341 1013 q

370 1047 472 1077 eam
501 1031 715 1076 habuisse
745 1030 965 1087 vocalem,
1001 1045 1118 1091 quae
1148 1030 1445 1075 consonantis
1481 1030 1635 1076 officio
1665 1047 1758 1077 non
1788 1031 2072 1093 fungeretur,
2106 1036 2187 1076 aut
2215 1036 2340 1078 certe

370 1111 668 1157 consonantis
692 1126 857 1155 sonum
879 1126 973 1155 non
1005 1111 1209 1166 haberet,
1243 1110 1494 1173 adparebit.
1559 1111 1622 1156 Ut
1649 1111 1788 1173 igitur
1816 1111 2110 1157 manifestum
2139 1111 2212 1168 sit,
2247 1126 2340 1172 quo

370 1191 469 1237 iure
493 1191 689 1254 scriptor
709 1206 808 1236 rem
836 1190 925 1236 hoc
956 1190 1059 1235 loco
1081 1195 1324 1236 tractatam
1351 1206 1435 1253 per
1461 1190 1709 1254 particulas
1738 1196 1819 1237 aut
1839 1218 1903 1226 —
1925 1196 2006 1237 aut
2032 1190 2242 1236 bifariam
2270 1189 2339 1236 di-

369 1271 541 1328 viserit,
576 1271 701 1317 nullo
740 1270 900 1317 aetatis
940 1286 1051 1317 suae
1088 1270 1313 1317 vocabulo
1352 1276 1568 1334 excepto,
1602 1271 1755 1318 denuo
1792 1272 1852 1317 ad
1890 1270 2154 1318 Terentiani
2189 1268 2339 1319 Mauri

370 1359 616 1415 praecepta
638 1352 887 1412 confugere
910 1351 1098 1396 iuvabit.

623 1433 730 1477 491.
768 1431 1019 1493 „syllabam
1041 1446 1126 1477 nec
1148 1430 1407 1477 invenimus
1430 1447 1490 1477 ex
1510 1430 1658 1478 tribus
1680 1429 1960 1478 vocalibus.”

625 1514 731 1558 525.
768 1510 913 1567 „Iuno
937 1527 1043 1556 cum
1066 1510 1168 1556 dico
1191 1517 1273 1556 aut
1293 1510 1532 1567 iuvencus,
1566 1512 1692 1557 nulla
1713 1511 1972 1558 differentia
1993 1518 2077 1567 est,

623 1591 791 1654 quippe
813 1591 862 1636 iu
885 1590 1192 1653 diphthongos
1215 1607 1316 1636 esse
1339 1589 1516 1637 Graeca
1536 1607 1830 1652 nequaquam
1850 1597 2019 1655 potest,

625 1673 749 1734 quod
772 1672 873 1718 soni
894 1678 989 1718 tres
1013 1672 1305 1735 implicentur
1327 1687 1352 1717 e
1373 1672 1521 1718 tribus
1543 1672 1801 1729 vocalibus3

623 1754 807 1814 quando
830 1753 894 1798 sic
918 1752 1092 1798 Graece
1116 1759 1317 1809 notatur,
1352 1759 1405 1797 ut
1427 1753 1486 1798 sit
1507 1769 1535 1798 o
1558 1759 1605 1798 et
1625 1745 1649 1797 ’ὗ
1672 1753 1827 1809 simu13

622 1835 724 1877 ἰῶτα
749 1834 853 1894 quis
877 1833 916 1879 si
936 1833 1239 1896 praelocetur,
1272 1840 1367 1879 tres
1389 1833 1597 1879 videmus
1619 1833 1808 1880 voculas

622 1930 646 1960 e
670 1914 835 1975 quibus
859 1920 1071 1959 constare
1094 1929 1234 1977 supra
1257 1914 1477 1977 syllabam
1499 1912 1811 1976 negavimus.''

366 1996 612 2042 Praeterea
634 1994 960 2040 Terentianum
993 2010 1022 2038 u
1044 2000 1151 2056 post
1179 2009 1210 2055 q
1237 1994 1444 2040 vocalem
1470 1994 1699 2051 habuisse,
1734 1993 2029 2041 consonantis
2058 1993 2211 2041 officio
2242 2010 2336 2041 non

366 2077 659 2138 fungentem,
694 2081 775 2119 aut
812 2080 935 2119 certe
975 2074 1270 2120 consonantis
1310 2090 1477 2120 sonum
1514 2090 1610 2119 non
1648 2074 1940 2120 exhibentem
1978 2090 2038 2121 ex
2073 2074 2145 2122 his
2183 2075 2335 2122 verbis

364 2156 650 2217 agnoscitur:

494 2236 600 2281 730.
636 2234 726 2291 „Et
746 2234 874 2280 vides
898 2232 978 2295 qui
996 2250 1165 2295 quoque
1187 2233 1392 2280 similiter
1414 2250 1514 2280 esse
1535 2233 1719 2280 vocales
1743 2232 1903 2280 duas.'’

494 2317 600 2362 748.
636 2312 769 2371 „Non
790 2321 944 2360 tamen
967 2314 1093 2378 prior
1116 2331 1146 2360 u
1170 2314 1255 2377 (sc.
1279 2321 1386 2378 post
1408 2314 1459 2376 q)
1481 2313 1627 2361 videri
1647 2313 1771 2361 facta
1792 2330 2052 2362 consonans
2073 2320 2241 2379 potest,

490 2412 754 2443 consonans
779 2395 887 2456 quia
908 2396 964 2441 de
988 2396 1166 2442 duabus
1190 2395 1312 2442 effici
1333 2395 1459 2459 prior
1482 2395 1611 2452 solet,

492 2477 619 2523 nuda
642 2477 724 2522 sed
745 2476 963 2539 priorque
987 2477 1172 2537 quando
1195 2492 1280 2522 nec
1305 2477 1496 2523 subacta
1518 2483 1589 2522 est
1610 2491 1856 2533 consonae,

492 2558 677 2618 quando
701 2563 748 2602 et
768 2557 993 2619 hispidam
1017 2557 1271 2618 digammus
1295 2558 1435 2603 sumit
1456 2565 1502 2603 et
1523 2558 1719 2603 formam
1741 2564 1788 2603 et
1809 2573 1990 2614 sonum,

490 2654 614 2683 nunc
638 2654 779 2683 sonus
802 2638 973 2683 vocalis
996 2637 1074 2693 illi,
1111 2638 1190 2698 qui
1214 2637 1330 2683 solet
1351 2654 1458 2684 cum
1479 2638 1622 2683 libera
1643 2644 1728 2694 est,

489 2718 696 2780 praedita
716 2724 788 2763 est
808 2717 881 2763 vel
903 2717 1220 2763 consonanti.'’

362 2798 479 2845 Vide
501 2814 640 2854 nunc,
675 2814 813 2859 quem
843 2799 1091 2844 admodum
1123 2798 1427 2845 Terentianus
1461 2798 1547 2844 sibi
1576 2799 1765 2855 nodum,
1800 2814 1938 2859 quem
1968 2798 2175 2846 effecisse
2203 2798 2330 2846 vide-

360 2887 453 2937 tur,
487 2878 782 2942 expediverit.
