2766 3345
1333 35 1400 87 a!

382 169 634 217 mutatione
655 185 767 216 vero
791 173 968 224 exorta,
999 168 1194 214 verbum
1217 160 1423 225 „sonat'’,
1458 168 1627 231 quippe
1649 167 1775 228 quod
1795 166 2029 213 intellectu
2051 173 2244 222 careret,
2272 167 2349 212 de·

379 248 526 297 letum
545 264 647 296 esse
669 246 892 311 suspicor.
914 273 979 281 —-
998 245 1240 293 Difficilior
1259 246 1350 293 iam
1366 253 1583 311 superest
1603 247 1660 293 de
1688 246 1704 292 i
1733 254 2028 303 consonante,
2064 262 2181 308 quae
2213 262 2350 292 vocae

380 337 473 387 tur,
507 327 730 390 quaestio.
794 325 849 373 In
872 342 965 388 qua
986 341 1035 373 re
1058 327 1362 373 examinanda
1389 329 1481 374 duo
1516 334 1628 374 sunt
1657 327 1959 373 discernenda
1988 334 2035 373 et
2065 327 2247 388 qualem
2278 342 2351 372 so-

381 420 496 455 nu'm
514 408 636 453 inter
657 407 772 452 duas
795 407 993 464 vocales,
1027 414 1074 452 et
1095 407 1276 467 qualem
1298 415 1403 453 ante
1424 408 1632 453 vocalem
1653 413 1835 452 tantum
1862 407 2087 452 habuerit.
2155 407 2351 468 Tempo-

381 488 508 535 ribus
532 487 717 549 quidem
738 487 939 549 antiquis
966 487 983 533 i
1011 487 1190 533 literam
1218 487 1266 534 in
1287 487 1635 550 pronominibus
1666 487 1832 544 „huius
1865 487 1996 533 cuius
2028 485 2154 533 eius⁹⁹
2186 502 2351 533 conso-

381 567 533 614 nantis
555 583 746 614 munere
767 567 976 613 functam
998 583 1093 613 non
1116 582 1215 613 esse
1236 567 1512 614 Ritschelius
1534 567 1659 614 Prol.
1683 566 1833 612 Plaut.
1857 585 1902 629 p.
1925 569 2013 612 153
2045 567 2215 612 docuit.
2280 565 2352 611 De

379 647 755 711 pronuntiatione
775 663 887 694 vero
907 646 1076 693 horum
1096 647 1427 694 vocabulorum
1447 647 1771 695 Lachmannus
1794 647 1842 693 in
1866 646 2041 693 Comm.
2065 646 2201 693 Lucr.
2224 663 2270 709 p.
2291 647 2349 691 27

380 729 486 791 egit.
551 728 678 775 Inter
699 727 1016 789 antiquissima
1037 728 1094 773 de
1116 727 1132 773 i
1153 727 1274 773 inter
1294 728 1476 774 vocales
1497 728 1650 791 posita
1666 727 2070 789 grammaticorum
2090 726 2352 773 testimonia

378 807 491 854 illud
513 807 864 855 Ciceronianum
886 808 1010 871 apud
1030 807 1130 854 Vel.
1153 806 1300 869 Long.
1322 825 1367 871 p.
1388 810 1509 854 2219
1544 807 1839 854 referendum
1861 814 1945 853 est.
2014 806 2098 864 „In
2120 806 2350 870 plerisque

380 890 466 951 (sc.
494 888 659 950 literis)
690 887 851 936 Cicero
882 888 1066 935 videtur
1097 888 1258 934 auditu
1287 903 1499 934 emensus
1532 887 1850 951 scriptionem,
1886 887 1965 949 qui
1995 894 2042 933 et
2069 887 2274 934 Aiiacem
2304 893 2350 932 et

378 969 558 1017 Maiiam
578 984 662 1031 per
683 969 775 1015 duo
797 968 814 1014 i
835 968 1077 1014 scribenda
1098 967 1397 1024 existimavit3
1433 962 1651 1029 quoniam
1673 983 1818 1013 unum
1840 983 1940 1013 esse
1963 968 2348 1014 animadvertunt.

379 1048 611 1111 Siquidem
630 1054 785 1112 potest
806 1054 853 1095 et
872 1064 956 1111 per
978 1065 1123 1094 unum
1144 1047 1160 1093 i
1181 1047 1424 1105 enuntiari,
1459 1055 1511 1094 ut
1532 1047 1756 1111 scriptum
1779 1047 1850 1094 sit.
1916 1046 2049 1094 Unde
2080 1047 2192 1092 illud
2219 1063 2348 1109 pres-

379 1130 474 1177 sius
496 1135 544 1175 et
562 1128 741 1192 plenius
764 1135 910 1185 sonet,
942 1144 1026 1191 per
1048 1129 1140 1174 duo
1162 1128 1179 1174 i
1201 1128 1338 1175 scribi
1360 1134 1572 1191 oportere
1594 1128 1840 1174 existimat.
1907 1127 1980 1174 Sic
2004 1134 2050 1173 et
2073 1127 2273 1173 Troiiam
2304 1134 2351 1172 et

380 1210 419 1257 si
448 1226 541 1270 qua
567 1208 676 1255 talia
706 1207 857 1255 sunt.’'
922 1207 1027 1255 Huc
1058 1223 1242 1269 quoque
1280 1207 1513 1271 pertinent
1546 1224 1663 1269 quae
1704 1213 1941 1254 secuntur.
2010 1206 2153 1264 „Inde
2184 1206 2350 1253 crescit

376 1289 465 1336 ista
485 1288 729 1350 geminatio
752 1295 798 1334 et
818 1288 978 1351 incipit
998 1304 1081 1350 per
1102 1287 1124 1333 I
1145 1288 1234 1333 tria
1256 1288 1394 1334 scribi
1423 1288 1637 1344 coniiicit,
1672 1294 1724 1333 ut
1751 1288 1902 1350 prima
1930 1287 2106 1350 syllaba
2135 1287 2194 1332 sit
2224 1302 2346 1332 com-

377 1368 545 1424 munis,
579 1374 822 1429 sequentes
846 1368 938 1413 duo
960 1367 1075 1413 iicit:
1109 1384 1217 1413 nam
1239 1367 1279 1413 si
1307 1374 1379 1413 est
1412 1367 1549 1424 aliud,
1582 1367 1704 1424 iacit,
1737 1384 1822 1430 pro
1853 1384 1881 1412 a
1909 1367 1925 1412 i
1954 1367 2264 1423 substituitur,
2299 1374 2351 1412 ut

375 1448 546 1496 vocalis
570 1448 774 1494 obtineat
793 1454 1007 1493 manente
1027 1447 1179 1510 priore
1200 1446 1223 1493 I
1246 1463 1363 1508 quae
1385 1447 1682 1494 consonantis
1704 1447 1853 1494 vicem
1885 1447 2116 1510 implebat.
2184 1448 2248 1493 At
2270 1446 2349 1507 qui

379 1529 565 1577 Troiam
596 1534 643 1574 et
662 1528 829 1574 Maiam
859 1544 943 1591 per
973 1544 1118 1574 unum
1146 1528 1163 1573 i
1194 1528 1427 1585 scribunt,
1459 1534 1630 1589 negant
1652 1529 1933 1574 onerandam
1966 1528 2176 1590 pluribus
2206 1527 2347 1573 literis

378 1608 688 1671 scriptionem,
721 1623 827 1653 cum
849 1624 990 1653 sonus
1013 1608 1110 1670 ipse
1134 1607 1353 1653 sufficiat:
1387 1608 1506 1653 hanc
1529 1608 1651 1652 enim
1680 1614 1893 1653 naturam
1925 1623 2026 1653 esse
2058 1608 2347 1668 quarundam

374 1689 625 1743 literarum,
660 1694 711 1732 ut
732 1694 969 1733 morentur
991 1694 1038 1732 et
1059 1687 1371 1733 enuntiatione
1394 1704 1560 1732 sonum
1588 1687 1837 1743 detineant,
1873 1688 2000 1747 quod
2029 1687 2196 1733 accidit
2224 1694 2271 1732 et
2299 1687 2346 1731 in

377 1785 447 1825 eo,
482 1767 607 1828 quod
643 1766 856 1822 dicimus,
888 1766 962 1812 hic
996 1773 1066 1812 est
1075 1785 1086 1822 3
1122 1783 1228 1812 cum
1261 1766 1357 1829 ipse
1394 1766 1585 1812 vastitas
1621 1766 1778 1812 literae
1814 1767 1862 1812 in
1895 1766 2211 1812 enuntiatione
2244 1766 2344 1828 pin-

375 1854 583 1911 guescat:
617 1853 755 1907 atque
777 1846 877 1909 ipsa
898 1853 1062 1891 natura
1083 1846 1099 1891 i
1119 1846 1276 1892 literae
1308 1854 1391 1904 est,
1426 1854 1479 1892 ut
1505 1847 1744 1892 interiecta
1774 1847 2011 1893 vocalibus
2040 1847 2176 1892 latius
2200 1863 2344 1892 enun-

373 1929 528 1983 tietur,
562 1928 673 1973 dum
694 1934 741 1973 et
760 1927 887 1988 prior
908 1927 1029 1972 illam
1052 1927 1222 1973 adserit
1243 1935 1289 1972 et
1320 1944 1518 1987 sequens
1548 1928 1635 1973 sibi
1664 1928 1881 1984 vindicat,
1917 1935 1964 1973 et
1992 1945 2099 1973 cum
2130 1936 2348 1991 appareat

372 2025 457 2072 per
479 2025 622 2054 unum
644 2007 661 2053 i
683 2006 866 2053 Troiam
889 2007 1026 2053 scribi
1047 2008 1170 2070 apud
1192 2006 1392 2053 Graecos
1416 2014 1462 2053 ct
1482 2007 1663 2065 Maiam,
1698 2026 1792 2054 non
1816 2016 1887 2054 est
1909 2009 2040 2054 nobis
2065 2009 2208 2054 altera
2230 2009 2244 2053 i
2263 2025 2342 2054 ne-

375 2089 591 2144 cessaria3
626 2103 733 2134 cum
754 2088 802 2132 in
825 2088 1009 2133 nomine
1032 2105 1125 2133 non
1144 2089 1330 2150 scriptio
1353 2089 1634 2144 immutetur,
1670 2090 1751 2134 sed
1781 2090 1877 2135 sola
1906 2089 2204 2135 enuntiatio.”
2272 2088 2344 2134 Cf.

378 2168 533 2224 Quint.
563 2167 598 2213 I.
624 2170 668 2212 4.
698 2170 769 2212 11.
804 2168 877 2213 Ad
907 2169 1098 2213 eandem
1127 2184 1224 2213 rem
1254 2169 1453 2230 pertinet
1474 2168 1697 2213 Prisciani
1725 2170 2039 2214 testimonium
2066 2187 2111 2231 p.
2134 2172 2241 2214 545.
2273 2170 2345 2213 ed.

374 2248 427 2296 P.
464 2283 506 2305 „.
528 2282 538 2293 .
559 2282 569 2293 .
590 2283 600 2293 .
622 2282 632 2293 .
657 2254 710 2293 ut
729 2247 891 2304 maius,
924 2247 1069 2309 peius,
1103 2247 1215 2303 eius,
1249 2248 1296 2293 in
1320 2264 1411 2308 quo
1433 2248 1535 2294 loco
1559 2248 1736 2308 antiqui
1759 2248 1967 2294 solebant
1983 2249 2216 2310 geminare
2234 2265 2343 2294 ean-

375 2329 480 2374 dem
501 2328 517 2373 i
537 2327 715 2373 literam
737 2333 783 2372 et
813 2327 989 2384 maiius,
1022 2327 1183 2389 peiius,
1218 2327 1330 2373 eiius
1362 2328 1575 2384 scribere,
1610 2329 1735 2389 quod
1767 2345 1861 2374 non
1892 2328 2022 2374 aliter
2052 2328 2346 2391 pronuntiari

372 2414 544 2472 posset,
579 2423 717 2468 quam
739 2406 778 2451 si
799 2421 904 2452 cum
927 2406 1159 2469 superiore
1189 2406 1362 2469 syllaba
1384 2407 1510 2470 prior
1538 2407 1567 2464 i,
1603 2423 1708 2453 cum
1740 2415 1962 2469 sequente
1992 2408 2135 2454 altera
2162 2409 2344 2471 profer-

373 2494 523 2544 retur,
559 2493 611 2532 ut
647 2486 722 2549 pei
743 2486 837 2543 ius,
871 2486 1019 2542 eiius,
1052 2486 1144 2544 mai
1165 2487 1260 2542 ius3
1296 2503 1403 2532 nam
1442 2488 1649 2547 quamvis
1689 2488 1749 2533 sit
1787 2503 2063 2545 consonans,
2096 2488 2145 2534 in
2184 2490 2346 2535 eadem

374 2556 548 2632 syllaba
576 2567 804 2629 geminata
833 2567 959 2629 iungi
989 2583 1082 2612 non
1110 2574 1288 2630 posset:
1323 2583 1432 2629 ergo
1456 2584 1549 2613 non
1579 2568 1708 2614 aliter
1732 2584 1870 2630 quam
1900 2569 2080 2626 „tellus,
2114 2568 2343 2617 mannus'’

373 2648 571 2713 proferri
593 2648 763 2693 debuit.
828 2647 959 2694 Unde
984 2647 1261 2712 „Pompeiii”
1287 2663 1471 2710 quoque
1500 2649 1763 2710 genetivum
1792 2664 1875 2712 per
1905 2649 1994 2695 tria
2021 2649 2038 2695 i
2066 2650 2345 2708 scribebant,

373 2744 572 2789 quorum
594 2728 685 2773 duo
708 2728 943 2791 superiora
963 2729 1065 2775 loco
1089 2728 1455 2785 consonantium,
1489 2736 1542 2774 ut
1564 2729 1603 2775 si
1625 2730 1749 2776 dicas
1772 2729 1993 2792 Pompelli
2016 2731 2206 2792 (coni.);
2238 2748 2344 2777 nam

372 2808 520 2853 tribus
548 2807 565 2852 i
593 2807 762 2853 iunctis
798 2807 945 2869 qualis
973 2797 1120 2870 possit
1149 2809 1321 2871 syllaba
1348 2809 1669 2871 pronuntiari?
1705 2810 1831 2871 quod
1862 2808 2049 2855 Caesari
2079 2811 2343 2856 doctissimo

373 2888 482 2934 artis
505 2888 825 2950 grammaticae
847 2889 1066 2952 placitum
1088 2907 1115 2936 a
1135 2890 1321 2936 Victore
1346 2905 1529 2951 quoque
1551 2889 1598 2935 in
1622 2897 1720 2936 arte
1742 2891 2040 2953 grammatica
2069 2893 2125 2937 de
2159 2892 2343 2956 syllabis
