2766 3345
457 187 647 240 mutata,
678 180 876 245 plurima
904 179 1097 236 adiecta,
1130 178 1284 232 omnia
1303 191 1414 228 vero
1435 179 1761 244 compositiora
1788 186 1849 237 et,
1885 187 2110 242 quantum
2138 195 2224 227 nos
2255 182 2424 244 poteri-

457 278 575 319 mus,
598 257 874 315 elaborata-’⁹
1207 253 1214 261 ’

572 391 576 394 ,
604 354 606 356 ·
645 339 884 402 Scriptura
906 344 1162 400 „quantum
1184 354 1269 392 nos
1290 339 1542 402 poterimus
1573 338 1835 387 elaborata'’
1868 340 1927 386 ob
1960 341 2062 387 cod.
2094 342 2253 387 Ambr.
2281 344 2303 387 1
2344 358 2424 387 au-

454 420 714 468 ctoritatem
733 418 996 483 recipienda
1016 425 1100 465 est.
1133 417 1272 475 >Quae
1294 419 1334 465 si
1353 419 1619 466 Burmanno
1641 426 1864 483 conperta
1884 420 2060 478 fuisset,
2081 421 2425 467 adnotationem

454 501 598 547 hmc:
634 499 832 562 „quam”
854 516 940 563 pro
964 498 1246 560 „quantum”
1268 500 1358 547 hoc
1379 500 1483 547 loco
1504 501 1681 547 dictum
1703 517 1802 548 esse
1826 501 2068 558 omisisset,
2092 517 2242 563 neque
2264 502 2423 549 Heins.

454 581 515 627 ad
536 580 622 627 Ov.
645 581 775 628 Rem.
797 582 901 628 Am.
927 582 1017 627 325
1041 579 1089 625 in
1112 579 1334 626 auxilium
1354 588 1580 628 vocasset.

644 661 679 708 I.
704 664 749 708 2.
774 665 817 707 5.
853 662 946 719 „At
967 660 1007 707 si
1026 661 1150 707 bona
1170 659 1314 723 ipsius
1338 663 1423 723 (sc.
1446 662 1599 724 pueri)
1621 661 1812 718 indoles,
1845 662 1884 708 si
1915 678 2010 708 non
2039 678 2178 708 caeca
2198 679 2250 709 ac
2275 663 2424 726 sopita

452 748 696 804 parentum
717 741 928 790 socordia
948 747 1042 788 est:
1076 746 1125 788 et
1143 747 1489 804 praeceptorem
1510 741 1675 803 eligere
1709 742 2046 789 sanctissimum
2069 758 2296 804 quemque
2319 745 2421 805 (cu-

453 820 524 867 ius
546 822 613 868 rei
633 812 879 885 praecipua
899 820 1202 885 prudentibus
1225 836 1339 866 cura
1360 822 1450 883 est)
1474 828 1521 867 et
1551 821 1849 884 disciplinam,
1885 838 2002 883 quae
2033 822 2232 868 maxime
2264 839 2423 870 severa

453 900 605 959 fuerit,
627 901 748 959 licet,
772 900 1067 948 nihilominus
1090 900 1289 947 amicum
1311 916 1498 963 gravem
1519 901 1672 948 virum
1693 900 1887 947 liberum
1910 909 1990 947 aut
2006 901 2186 948 fidelem
2208 902 2421 949 libertum

453 980 585 1027 lateri
604 981 686 1028 filii
708 982 780 1029 sui
800 982 1062 1044 adiungere,
1095 981 1227 1028 cuius
1250 981 1462 1028 assiduus
1484 981 1730 1028 comitatus
1754 981 1890 1027 etiam
1912 982 2012 1029 illos
2034 982 2245 1029 meliores
2268 983 2420 1041 faciat,

453 1062 531 1122 qui
551 1062 844 1108 timebantur.
880 1061 998 1123 (Scr.
1021 1062 1125 1106 cod.
1146 1062 1204 1107 A.
1232 1062 1296 1122 1.)

641 1143 878 1191 Vocabulo
902 1133 1169 1200 „h‘berum'',
1203 1149 1256 1188 ut
1282 1159 1368 1205 par
1396 1148 1481 1199 est,
1513 1158 1574 1189 ex
1604 1143 1706 1189 cod.
1729 1143 1888 1189 Ambr.
1916 1145 1938 1188 1
1972 1150 2158 1205 recepto
2188 1143 2308 1190 iusta
2340 1146 2416 1191 de-

450 1238 576 1268 mum
597 1230 644 1269 et
664 1223 847 1285 elegans
870 1224 1078 1270 exoritur
1097 1222 1319 1270 orationis
1341 1223 1654 1269 membrorum
1687 1223 1953 1284 aequalitas.
2019 1223 2073 1270 In
2102 1224 2255 1270 verbis
2285 1242 2416 1287 prae-

451 1303 733 1360 cedentibus,
773 1316 1051 1364 quamquam
1086 1303 1208 1349 inter
1244 1303 1522 1349 vocabulum
1561 1301 1724 1359 „licet”
1748 1309 1794 1348 et
1833 1302 2186 1359 „nihilominus”
2219 1304 2418 1366 optimus

448 1380 564 1428 liber
585 1383 956 1430 coniunctionem
979 1382 1082 1439 „et”
1106 1382 1292 1429 omnino
1309 1400 1403 1429 non
1419 1383 1573 1439 habet,
1595 1389 1750 1429 tamen
1766 1383 1855 1429 hoc
1878 1383 1981 1430 loco
2004 1390 2264 1430 ceterorum
2293 1385 2416 1431 eodi-

450 1478 557 1509 cum
587 1462 861 1525 scripturam
889 1461 992 1519 „et”
1022 1462 1340 1525 praebentium
1366 1462 1682 1526 praetulerim,
1720 1463 1944 1525 primum,
1985 1465 2093 1523 quia
2120 1481 2215 1510 non
2250 1465 2418 1510 desunt

448 1542 657 1605 exempla
678 1542 902 1589 eiusmodi
923 1543 1169 1606 copulandi
1189 1542 1378 1588 rationis
1402 1542 1565 1588 similia
1587 1543 1646 1589 cf.
1669 1543 1818 1589 Bonn.
1842 1543 1933 1588 leX.
1957 1544 2102 1605 praef.
2126 1561 2171 1606 p.
2196 1559 2348 1590 XXXVI
2370 1553 2416 1590 et

449 1623 539 1667 lex.
565 1640 601 1667 s.
624 1641 668 1668 v.
695 1622 797 1680 „et”
820 1641 866 1686 p.
891 1626 1014 1680 293„
1044 1625 1207 1672 deinde
1230 1623 1337 1684 quia
1367 1605 1426 1668 ob
1447 1624 1602 1668 literas
1625 1625 1947 1669 antecedentes
1971 1625 2198 1686 particula
2221 1625 2324 1682 „et”
2347 1627 2414 1670 fa-

448 1703 610 1747 cillime
635 1704 844 1747 excidere
865 1704 1029 1765 potuit.
1072 1704 1282 1764 Denique
1305 1719 1399 1747 non
1420 1704 1553 1748 video
1577 1718 1787 1748 caussam
1810 1704 2116 1749 sufficientem
2138 1721 2166 1749 a
2189 1706 2415 1768 scriptura

450 1782 784 1838 „timebantur”
814 1783 1076 1829 decedendi.
1142 1782 1267 1829 Haec
1297 1783 1418 1829 enim
1456 1783 1685 1829 sententia
1723 1800 1822 1830 esse
1857 1784 2060 1830 videtur:
2095 1785 2286 1831 adsidua
2308 1803 2414 1833 cum

445 1862 599 1925 pueris
622 1863 954 1909 consuetudine
975 1862 1062 1908 viri
1083 1877 1244 1923 graves
1257 1898 1268 1918 ‚
1310 1863 1389 1923 qui
1410 1869 1545 1908 antea
1568 1863 1756 1908 saevitia
1777 1863 1930 1924 aliqua
1953 1871 1999 1909 et
2020 1864 2274 1927 imperandi
2296 1866 2410 1911 lubi-

446 1941 550 1987 dine
573 1942 631 1987 cf.
654 1941 690 1988 I.
719 1945 758 1987 1.
785 1945 828 1988 8.
850 1942 1005 2005 pueris
1026 1950 1201 1988 metum
1222 1942 1483 1999 iniciebant‚
1506 1960 1692 2005 asperos
1716 1943 1815 1988 illos
1839 1961 1990 1989 mores
2013 1945 2249 2007 paullatim
2272 1948 2410 2009 depo-

447 2030 565 2068 nunt
584 2022 884 2084 melioresque
906 2023 1039 2069 fiunt.

635 2263 892 2325 Supersunt
921 2264 1174 2326 scripturae
1204 2264 1450 2310 nonnullae
1481 2264 1528 2310 in
1558 2265 1716 2327 primis
1745 2265 1882 2311 huius
1922 2266 2026 2312 libri
2063 2267 2313 2329 capitibus,
2353 2270 2411 2315 de

445 2343 611 2404 quibus
634 2344 840 2389 dubitare
862 2344 1024 2407 possis,
1047 2343 1391 2407 recipiendaene
1415 2345 1506 2390 sint
1528 2358 1587 2389 ex
1604 2345 1773 2390 codicis
1790 2347 2082 2392 Ambrosiani
2097 2347 2233 2410 primi
2250 2356 2411 2395 aucto-

443 2423 577 2470 ritate
600 2424 698 2470 sola
719 2440 878 2480 necne,
906 2424 1033 2470 velut
1055 2423 1264 2470 Prooem.
1288 2427 1313 2483 ξ
1342 2427 1413 2470 14.
1450 2422 1656 2481 „Nomen
1681 2426 1765 2486 (sc.
1788 2426 2124 2489 philosophiae)
2146 2435 2302 2474 tamen
2326 2430 2414 2476 sibi

442 2503 847 2550 insolentissimum
876 2511 1206 2565 arrogaverunt
1228 2506 1313 2566 (sc.
1343 2504 1639 2567 philosophi),
1670 2513 1723 2550 ut
1745 2506 1830 2551 soli
1851 2507 2038 2552 sardios-i
2055 2507 2298 2569 sapientiae
2328 2527 2411 2555 vo-

443 2583 701 2629 carentur.'’
768 2587 793 2643 ξ
818 2587 892 2629 24.
928 2582 1074 2640 „Nam
1094 2584 1364 2646 plerumque
1387 2585 1537 2630 nudae
1566 2585 1668 2630 illae
1691 2592 1812 2630 artes
1836 2588 1922 2647 (sc.
1946 2587 2224 2649 rhetoricae)
2248 2589 2413 2637 nimiae

443 2663 704 2709 subtilitatis
720 2665 1009 2711 affectatione
1026 2665 1245 2726 frangunt
1261 2671 1399 2730 atque
1422 2665 1672 2711 concidunt
1694 2666 1918 2727 quidquid
1938 2674 2010 2713 est
2030 2668 2078 2714 in
2101 2669 2310 2717 oratione
2332 2687 2410 2734 ge-

442 2745 649 2790 nerosius
673 2744 789 2790 etc.'’
857 2748 899 2791 2.
928 2747 999 2791 13.
1036 2745 1215 2801 „Taceo
1239 2746 1294 2790 de
1316 2746 1638 2808 partitionibus
1662 2753 1707 2792 et
1725 2747 2131 2795 declamationibus
2149 2751 2409 2797 rhetorum:

442 2823 608 2885 quibus
631 2831 755 2871 certe
785 2833 1160 2888 quantuscumque
1188 2824 1440 2872 adhibeatur
1470 2842 1693 2884 numerus,
1722 2833 1877 2873 tamen
1909 2830 2228 2893 unusquisque
2260 2838 2410 2878 totum

1946 2910 2022 2956 132
