2766 3345
386 188 440 235 >p.
460 172 549 218 533
572 170 766 235 prolata,
799 176 938 230 quam
960 167 1132 230 recepit
1152 166 1385 231 Meyerus:
1419 168 1557 230 „quia
1570 169 1670 230 jam
1692 167 1811 213 sicut
1831 167 1921 213 iam
1945 168 2172 225 scribitur,
2206 175 2254 214 et
2274 184 2358 215 vos

395 259 447 299 ut
472 250 583 300 uos'²
606 251 636 298 i.
660 267 700 297 e.
725 265 836 295 usus
859 250 973 296 duas
993 247 1177 295 vocales
1198 264 1283 311 pro
1305 248 1663 295 consonantibus
1686 248 1876 310 accepit,
1910 248 1926 293 i
1957 248 2078 293 enim
2100 264 2358 296 consonans

394 338 467 382 est
495 332 543 392 in
571 328 797 378 vocabulo
825 328 915 376 iam
944 334 991 375 et
1018 344 1051 375 u
1082 343 1340 375 consonans
1370 335 1441 376 est
1468 328 1516 375 in
1544 328 1769 376 vocabulo
1804 345 1900 374 uos.
1966 327 2217 392 Lapidariis
2239 328 2361 375 enim

392 410 701 460 monumentis
730 409 1031 470 codicumque
1060 409 1355 470 antiquorum
1384 409 1587 470 vestigiis
1618 409 1728 455 satis
1757 416 1953 466 constat,
1987 426 2136 470 neque
2166 410 2182 455 i
2210 426 2359 470 neque

394 508 440 548 u,
475 490 554 537 ubi
581 490 628 537 in
660 490 714 536 iis
744 490 1039 537 consonantis
1068 489 1138 536 vis
1171 489 1311 546 inest,
1343 489 1539 552 propriis
1569 489 1712 535 fuisse
1741 489 1882 534 literis
1913 506 2167 552 expressas,
2201 491 2359 552 paucis

388 570 479 620 illis
509 570 641 618 annis
672 569 901 634 exceptis,
934 569 1100 631 quibus
1123 567 1285 616 Claudi
1313 568 1519 616 Caesaris
1546 569 1786 616 inventum
1816 587 1843 615 a
1872 570 2100 616 nonnullis
2130 571 2357 617 scribeba-

394 658 486 708 tur,
521 652 577 698 de
600 668 692 712 quo
725 650 953 715 copiosius
986 649 1236 713 disputavit
1263 650 1544 697 Buchelerus
1576 650 1632 695 de
1661 648 1729 695 Cl.
1754 648 1884 695 Caes.
1919 651 2214 712 grammatico
2257 669 2303 714 p.
2329 653 2355 696 3

392 748 461 792 sq.
500 760 564 766 —
599 731 786 779 Meliore
826 731 1009 791 quidem
1046 730 1366 786 fundamentO,
1401 746 1460 775 ex
1498 729 1680 793 optimis
1712 730 1943 775 codicibus
1972 731 2116 793 petito
2149 747 2258 776 usus
2289 740 2359 776 est

393 810 648 859 Gesnerus:
685 812 823 873 „quia
844 812 935 857 iam
957 811 1076 857 sicut
1096 817 1192 856 tam
1213 810 1428 856 scribitur
1449 817 1497 855 et
1518 826 1634 870 quos
1653 817 1704 855 ut
1725 809 1847 866 cos,”
1880 811 1998 856 hanc
2024 812 2195 856 addens
2217 812 2355 857 inter-

390 892 714 954 pretationem:
750 891 870 948 „iam
907 891 1122 938 scribitur
1160 897 1207 935 et
1242 890 1568 952 pronuntiatur
1601 906 1686 952 pro
1724 891 2035 952 monosyllabo
2074 907 2167 936 non
2205 892 2355 938 minus

392 989 531 1034 quam
551 980 660 1029 tam,
695 988 803 1034 ergo
826 971 849 1018 I
870 988 962 1018 non
985 978 1056 1018 est
1076 970 1247 1018 vocalis
1281 970 1328 1017 in
1360 987 1415 1017 ea
1434 986 1564 1027 voce,
1600 971 1681 1017 sed
1711 986 1990 1028 consonans3
2026 987 2141 1032 quos
2174 979 2224 1018 ut
2251 988 2353 1030 cos3

391 1053 544 1114 itaque
574 1053 662 1104 ἠν
685 1053 779 1099 vim
805 1052 975 1098 vocalis
1004 1068 1097 1098 non
1126 1051 1287 1097 habet:
1322 1067 1470 1111 neque
1498 1051 1753 1111 iunguntur
1783 1051 1829 1095 in
1859 1051 1928 1096 his
1959 1051 2148 1097 vocibus
2178 1051 2200 1097 I
2231 1060 2277 1098 et
2297 1055 2353 1110 A,

389 1132 590 1193 itemque
612 1131 655 1179 V
677 1139 724 1179 et
745 1131 784 1178 O
808 1138 860 1177 ut
880 1129 1104 1178 vocales.”
1169 1130 1351 1177 Sufficit
1378 1131 1528 1177 denuo
1560 1130 1965 1186 commonefacere,
2000 1132 2124 1191 quod
2150 1149 2352 1193 pronun·

389 1212 532 1258 tiandi
553 1212 678 1258 notio
700 1211 747 1259 in
769 1210 877 1274 ipsis
899 1210 1051 1258 verbis
1074 1226 1167 1257 non
1195 1210 1328 1266 inest,
1363 1209 1526 1256 deinde
1550 1210 1674 1270 quod
1696 1208 1961 1265 Quintiliani
1983 1211 2124 1256 verba
2145 1211 2201 1256 de
2226 1211 2355 1257 litera

391 1307 422 1352 q
451 1291 480 1337 l.
504 1291 605 1337 XII.
633 1294 704 1337 10.
731 1292 804 1336 30.
838 1289 1201 1352 interpretationi
1229 1288 1553 1346 Gesnerianae,
1588 1296 1640 1335 ut
1669 1297 1830 1352 postea
1857 1290 2001 1350 magis
2030 1290 2239 1347 elucebit,
2274 1294 2352 1337 ob—

390 1378 527 1418 stant.
595 1370 775 1428 „Duras
799 1377 845 1417 et
866 1370 941 1416 illa
970 1371 1054 1432 (sc.
1079 1371 1145 1431 q.)
1175 1369 1372 1433 syllabas
1401 1370 1525 1427 facit,
1561 1386 1678 1431 quae
1711 1371 1768 1416 ad
1800 1370 2141 1431 coniungendas
2171 1372 2353 1418 demum

389 1451 617 1499 subiectas
649 1450 735 1498 sibi
764 1450 946 1497 vocales
978 1458 1049 1497 est
1078 1450 1222 1507 utilis,
1257 1450 1366 1497 alias
1397 1466 1702 1513 supervacua,
1738 1458 1790 1496 ut
1817 1467 1959 1511 equos
1990 1451 2075 1497 hac
2107 1459 2154 1497 et
2184 1469 2352 1513 equum

389 1532 651 1588 scribimus3
687 1547 793 1577 cum
815 1531 950 1576 etiam
979 1531 1103 1593 ipsae
1131 1531 1217 1577 hae
1241 1531 1422 1577 vocales
1456 1532 1571 1576 duae
1602 1531 1804 1576 efficiant
1836 1548 2014 1587 sonum,
2050 1532 2197 1591 qualis
2231 1536 2352 1595 apud

389 1611 588 1658 Graecos
620 1611 772 1657 nullus
801 1617 870 1657 est
897 1610 1090 1671 ideoque
1121 1611 1258 1657 scribi
1286 1611 1466 1656 illorum
1500 1610 1640 1656 literis
1681 1628 1773 1656 non
1804 1610 1999 1673 potest.’'
2065 1610 2352 1673 Quamquam

387 1692 527 1753 igitur
549 1691 820 1753 scripturam
842 1706 949 1751 quos
972 1697 1235 1753 corruptam
1257 1707 1356 1736 esse
1380 1691 1724 1736 concedendum
1747 1698 1794 1736 et
1815 1692 1874 1736 ad
1895 1692 1942 1737 id
1963 1692 2349 1754 interpretationis

388 1771 733 1835 Spaldingianae
756 1771 1104 1816 fundamentum
1124 1772 1448 1818 revertendum
1470 1779 1553 1827 est,
1590 1772 1714 1831 quod
1736 1788 1876 1833 supra
1906 1773 2106 1828 memini,
2143 1789 2205 1818 sc.
2239 1776 2348 1820 scri-

386 1859 569 1915 pturam
591 1867 678 1906 v03,
712 1857 866 1895 tamen
889 1851 946 1895 ab
977 1850 1052 1895 illa
1084 1850 1142 1895 ob
1175 1850 1397 1906 codicum,
1434 1850 1599 1910 quibus
1630 1851 1804 1907 nititur,
1839 1852 2159 1897 auctoritatem
2188 1852 2251 1898 ita
2277 1871 2349 1900 me

387 1931 541 1992 egredi
563 1937 756 1993 oportet,
792 1937 843 1975 ut
864 1931 1114 1986 ostendam,
1149 1946 1240 1990 quo
1262 1937 1396 1992 pacto
1428 1930 1475 1976 in
1498 1930 1637 1976 libros
1660 1931 1914 1993 inrepserit.
1981 1932 2140 1993 Itaque
2163 1932 2348 1980 Lachm.

386 2012 445 2057 ad
468 2010 604 2057 Luer.
635 2028 680 2071 p.
702 2012 792 2055 220
824 2010 1081 2056 observatio
1110 2010 1220 2055 mihi
1246 2010 1292 2055 in
1333 2010 1554 2055 auxilium
1591 2012 1799 2056 vocanda
1837 2019 1929 2067 est,
1972 2029 2063 2072 qua
2098 2013 2349 2059 formarum

387 2106 494 2153 quos
518 2096 564 2135 et
587 2106 659 2135 cos
683 2089 986 2150 similiumque
1010 2095 1190 2136 tantum
1216 2096 1265 2135 ut
1285 2089 1466 2136 videtur
1489 2089 1534 2135 in
1557 2090 1790 2136 codicibus
1820 2091 2019 2151 antiquis
2044 2094 2347 2154 deprehensa-

387 2186 491 2217 rum
511 2186 620 2216 usus
638 2176 1036 2216 commonstratur.
1056 2168 1205 2225 Quare
1222 2185 1328 2216 cum
1338 2186 1411 2216 eos
1422 2170 1562 2216 semel
1579 2170 1799 2233 scriptum
1811 2178 1945 2227 esset,
1964 2188 2037 2217 vos
2055 2172 2102 2218 in
2120 2189 2227 2233 quos
2245 2190 2347 2220 cor-

386 2256 574 2313 ruptum
596 2266 695 2295 esse
718 2250 911 2295 videtur.
977 2249 1129 2295 Verba
1150 2250 1284 2296 haec:
1320 2249 1458 2310 „quia
1479 2250 1569 2295 iam
1591 2238 1710 2296 sicut
1731 2258 1827 2296 tam
1861 2251 2089 2308 scribitur,
2123 2259 2170 2298 et
2191 2270 2274 2299 vos
2298 2262 2351 2300 ut

386 2328 509 2386 eos,’'
544 2329 582 2376 si
605 2329 822 2391 explicari
842 2336 1050 2391 possunt,
1084 2329 1208 2375 nulla
1236 2329 1549 2391 interpretatio
1579 2330 1626 2375 in
1655 2338 1871 2392 promptu
1900 2348 1999 2376 esse
2030 2332 2227 2389 videtur,
2262 2335 2351 2380 nisi

384 2409 519 2466 haee,
561 2425 653 2454 non
686 2408 868 2470 quidem
896 2424 1019 2465 mea,
1054 2409 1134 2455 sed
1162 2409 1342 2455 aliunde
1371 2409 1748 2455 sermocinatione
1780 2426 1962 2456 mecum
1990 2413 2348 2471 communicata3

386 2491 542 2553 (spero
563 2506 636 2535 me
660 2506 760 2535 eam
782 2496 903 2535 recte
926 2489 1197 2550 relaturum)
1222 2497 1273 2535 ut
1296 2496 1383 2535 tam
1405 2489 1470 2535 ita
1498 2496 1545 2535 et
1573 2489 1664 2536 iam
1696 2490 1902 2537 scribitur
1910 2511 1924 2547 ,-
1958 2492 2044 2538 hoc
2077 2493 2179 2539 ideo
2211 2495 2349 2541 mira-

384 2571 473 2617 bile
496 2578 580 2626 est,
615 2572 740 2630 quod
763 2570 870 2617 satis
893 2577 1086 2626 constat,
1121 2571 1348 2630 quomodo
1373 2569 1399 2616 ,i
1426 2570 1472 2616 in
1500 2570 1724 2616 vocabulo
1745 2570 1848 2625 ,iam
1875 2573 2200 2634 pronuntietur
2209 2594 2221 2631 3
2256 2593 2350 2621 non

384 2651 506 2698 enim
526 2657 763 2711 tamquam
784 2650 953 2697 vocalis
977 2666 1082 2697 cum
1103 2650 1251 2697 vocali
1273 2657 1492 2711 sequente
1523 2650 1570 2696 in
1601 2668 1744 2696 unum
1776 2669 1941 2697 sonum
1969 2654 2199 2711 coalescit,
2233 2664 2349 2702 atta-

382 2746 487 2783 men
511 2746 617 2777 cum
639 2730 781 2778 literis
807 2730 1115 2791 sequentibus,
1151 2737 1202 2778 ut
1231 2738 1247 2777 t
1273 2747 1379 2777 cum
1409 2748 1437 2777 α
1468 2738 1514 2777 et
1534 2748 1593 2787 m,
1628 2732 1987 2794 monosyllabam
2010 2734 2173 2792 efficit3
2208 2753 2351 2796 quare

382 2810 677 2858 consonantis
700 2811 793 2857 vim
815 2811 971 2867 habet;
1007 2827 1154 2871 neque
1177 2827 1286 2857 vero
1308 2810 1493 2873 propria
1513 2811 1644 2857 litera
1665 2827 1766 2857 eam
1787 2812 1977 2868 indicat3
2013 2814 2135 2860 idem
2163 2816 2211 2861 in
2237 2834 2349 2872 „vos

383 2897 429 2937 et
450 2888 557 2938 cos''
581 2889 715 2936 valet.
782 2889 908 2938 Haec
933 2890 1116 2952 quidem
1138 2885 1377 2948 sententia,
1412 2907 1690 2952 quamquam
1722 2898 1855 2939 acute
1879 2894 2142 2954 excogitata
2163 2904 2248 2952 est,
2279 2904 2350 2942 ta-

1894 2971 1966 3018 C2
