2766 3345
395 161 503 192 men
533 146 583 192 in
617 162 673 193 ea
700 163 774 193 me
801 153 905 193 tuto
933 146 1223 208 acquiescere
1250 160 1398 207 neg03>
1426 145 1563 192 nimis
1593 146 1716 193 enim
1735 146 1952 194 inusitate
1988 161 2090 193 eam
2125 145 2375 195 indicatam

397 226 552 289 potius
599 242 739 288 quam
783 241 1048 289 expressam
1094 240 1193 271 esse
1238 239 1421 271 censeo.
1501 225 1757 273 Refellendi
1798 242 1990 274 munere
2034 232 2222 290 peracto
2266 231 2375 272 ante

397 307 553 352 omnia
574 322 667 352 non
695 305 946 362 diffitebor,
979 319 1053 350 me
1075 304 1462 362 emendationem,
1494 305 1583 352 hoc
1606 305 1792 367 quidem
1813 306 1998 354 nomine
2020 313 2148 354 certo
2170 306 2372 369 dignam,

397 386 607 449 proferre
632 402 726 431 non
747 400 904 447 posse3
940 399 1048 429 nam
1074 384 1315 429 inventum
1344 383 1457 429 illud
1485 399 1656 441 meum,
1691 386 1818 445 quod
1843 385 1967 432 infra
1993 387 2212 444 adferam,
2243 391 2372 449 post-

398 482 537 527 quam
583 464 670 512 viri
705 479 779 510 me
821 463 967 511 multo
1014 462 1213 510 acriores
1252 462 1572 524 doctioresque
1609 463 1991 527 repudiaverunt,
2040 463 2373 529 usquequaque

397 544 728 591 emendationis
750 559 887 590 verae
917 543 1062 588 instar
1088 543 1274 600 habere,
1306 559 1491 600 vereor,
1525 559 1586 589 ne
1618 542 1907 605 arrogantiae
1935 546 2269 608 superbiaeque
2298 545 2372 593 sit.

396 623 531 681 Quod
552 623 846 670 nihilominus
870 639 963 668 non
985 622 1207 679 retinebo,
1242 629 1295 668 ut
1318 639 1457 683 quam
1477 622 1593 669 Fabi
1614 623 1671 669 de
1688 622 1925 680 literarum
1941 624 2148 686 geminae
2164 632 2372 683 naturae,

395 704 475 750 ubi
496 704 794 750 consonantis
817 703 969 749 officio
991 703 1264 764 funguntur,
1299 719 1414 749 sono
1439 702 1714 749 sententiam
1730 703 1873 749 fuisse
1889 704 2160 762 existimem,
2194 711 2242 751 et
2263 706 2374 767 quid

394 784 501 830 inde
527 784 618 830 hoc
649 784 766 840 loco,
802 784 895 840 ubi,
930 784 988 829 ob
1019 783 1350 828 sententiarum
1382 783 1699 840 conexionem,
1731 783 2062 830 vocabulorum
2090 785 2181 830 iam
2211 791 2259 831 et
2286 802 2371 832 vos

393 864 782 927 pronuntiationis
820 864 1245 909 commemorandae
1284 863 1465 908 occasio
1503 864 1612 908 data
1648 870 1770 921 erat,
1803 863 1937 909 facile
1974 864 2125 910 dicere
2155 865 2373 928 potuerit,

396 961 641 1008 exponam.
708 944 915 989 Primum
936 944 1075 1005 igitur
1096 942 1429 999 Quintilianum
1458 943 1610 1007 ipsum
1632 945 1688 989 de
1711 960 1743 989 u
1773 951 2073 1002 consonante,
2108 960 2227 1006 quae
2257 946 2367 993 dici-

394 1031 487 1083 tur,
521 1024 760 1071 audiamus
784 1024 1097 1070 disserentem.
1163 1022 1324 1070 Paullo
1353 1030 1460 1070 ante
1481 1022 1517 1070 I.
1536 1025 1582 1070 4.
1603 1016 1645 1070 7'.
1665 1025 1709 1070 8.
1745 1023 1999 1081 „Desintne
2031 1024 2210 1086 aliquae
2239 1025 2371 1073 nobis

395 1105 682 1151 necessariae
702 1105 938 1150 literarum
962 1137 1227 1149 .........
1251 1109 1304 1148 ut
1322 1103 1370 1148 in
1391 1103 1463 1149 his
1486 1118 1649 1149 seruus
1674 1109 1722 1150 et
1750 1104 1917 1166 uulgus
1938 1104 2176 1151 Aeolicum
2198 1104 2371 1167 digam-

395 1201 507 1231 mon
537 1183 874 1241 desideratur;”
915 1183 950 1229 Ι.
977 1186 1019 1229 7.
1046 1186 1122 1229 26.
1174 1182 1361 1240 „Nostri
1387 1190 1709 1246 praeceptores
1741 1199 1929 1230 seruum
1957 1200 2238 1246 ceruumque
2259 1184 2302 1231 U
2326 1191 2374 1231 et

395 1264 437 1311 O
459 1265 603 1310 literis
627 1264 923 1326 scripserunt,
959 1263 1067 1324 quia
1089 1263 1295 1309 subiecta
1316 1262 1402 1308 sibi
1422 1262 1595 1308 vocalis
1624 1263 1671 1308 in
1695 1280 1839 1309 unum
1862 1280 2027 1309 sonum
2048 1264 2304 1311 coalescere
2326 1272 2374 1311 et

395 1344 618 1390 confundi
655 1344 889 1405 nequiret3
925 1358 1048 1388 nunc
1079 1342 1122 1389 U
1151 1342 1332 1404 gemina
1367 1342 1633 1389 scribuntur
1664 1358 1718 1389 ea
1754 1344 1954 1401 ratione,
1996 1360 2133 1405 quam
2171 1345 2371 1402 reddidi3

396 1432 561 1470 neutro
592 1439 701 1469 sane
730 1424 867 1469 modo
898 1440 1013 1480 vox,
1049 1439 1188 1484 quam
1220 1423 1464 1480 sentimus,
1499 1422 1711 1468 efficitur.
1776 1422 1872 1469 Nec
1901 1424 2122 1471 inutiliter
2153 1423 2370 1471 Claudius

394 1505 627 1551 Aeolicam
658 1504 780 1549 illam
809 1505 868 1549 ad
895 1504 979 1549 hos
1011 1519 1122 1549 usus
1149 1519 1186 1565 g
1215 1503 1394 1549 literam
1426 1502 1697 1549 adiecerat.”
1765 1502 2009 1565 (Consulto
2039 1505 2197 1551 literae
2228 1505 2371 1569 ipsius

394 1586 590 1646 figuram
612 1584 779 1647 recepi,
815 1584 922 1644 quia
942 1583 1002 1628 H.
1024 1584 1238 1629 Ernstius
1261 1583 1308 1628 in
1333 1583 1569 1629 Thesauro
1590 1583 1874 1629 Meermanni
1896 1585 1950 1630 T.
1974 1588 2014 1630 1.
2039 1602 2085 1648 p.
2109 1588 2198 1631 120
2221 1586 2268 1631 in
2290 1601 2368 1632 co·-

394 1665 495 1711 dice
517 1664 721 1710 Mediceo
743 1680 845 1710 eam
866 1661 1057 1726 reperiri
1079 1663 1202 1709 dicit.
1268 1662 1322 1708 In
1345 1663 1501 1709 codice
1520 1663 1679 1709 Amm.
1709 1666 1748 1708 1.
1774 1663 1933 1710 Bamb.
1963 1664 2011 1710 in
2039 1681 2183 1726 marg.
2206 1665 2366 1712 Lassb.

393 1744 441 1790 in
471 1759 614 1805 marg.
644 1744 680 1790 F
703 1743 882 1789 literam
908 1743 1063 1789 Turic.
1097 1743 1129 1788 f.
1162 1742 1376 1804 literam.)
1442 1741 1542 1788 XII.
1571 1744 1644 1789 10.
1669 1744 1745 1788 29.
1782 1743 2023 1800 „Aeolicae
2056 1760 2241 1805 quoque
2268 1745 2369 1792 lite-

393 1840 496 1881 rae,
540 1840 632 1885 qua
674 1822 880 1870 SerVum
919 1821 1222 1884 CerVumque
1261 1822 1478 1879 dicimus,
1514 1822 1692 1869 etiamsi
1728 1823 1877 1869 forma
1915 1840 1943 1870 a
1972 1824 2103 1870 nobis
2131 1825 2372 1888 repudiata

393 1912 478 1963 est,
512 1904 582 1952 vis
604 1912 757 1951 tamen
781 1920 865 1950 nos
888 1904 988 1967 ipsa
1007 1902 1343 1967 persequitur.''
1376 1902 1411 1950 I.
1437 1905 1480 1949 4.
1509 1906 1581 1950 11.
1618 1902 1702 1961 „U‚
1737 1905 1967 1965 quomodo
1997 1921 2121 1954 nunc
2153 1906 2369 1953 scribitur

395 1987 479 2048 (sc,
505 1985 592 2033 sibi
622 1984 796 2046 insidit)
819 1983 996 2047 Uulgus
1025 1990 1072 2031 et
1103 1982 1318 2031 Seruus.”
1384 1983 1458 2030 Ex
1495 1983 1566 2030 his
1607 1983 1747 2046 igitur
1782 1984 2054 2032 testimoniis
2085 1985 2194 2033 satis
2223 1986 2368 2033 mani-

392 2068 564 2114 festum
593 2073 677 2124 est,
714 2066 894 2127 qualem
926 2065 1123 2128 scriptor
1154 2066 1209 2112 de
1241 2082 1287 2122 u,
1323 2081 1440 2125 quae
1471 2065 1766 2111 consonantis
1796 2065 1898 2112 vice
1928 2066 2151 2127 fungitur,
2185 2075 2369 2114 senten-

392 2148 503 2193 tiam
524 2146 753 2203 habuerit,
786 2145 1020 2208 propriam
1043 2145 1166 2192 enim
1187 2145 1367 2191 literam
1388 2146 1448 2191 ad
1470 2161 1636 2191 sonum
1667 2162 1840 2192 novum
1870 2145 2221 2208 exprimendum
2250 2148 2368 2194 desi-

393 2228 537 2283 derat,
574 2225 737 2273 Claudi
758 2225 967 2272 Caesaris
990 2207 1229 2272 invent'um
1248 2225 1472 2271 reiectum
1495 2241 1595 2271 esse
1617 2225 1844 2289 inprobat.
1910 2224 2071 2288 Itaque
2095 2227 2133 2272 si
2154 2227 2242 2273 hoc
2267 2227 2369 2274 loco

391 2324 422 2352 u
442 2308 601 2352 literae
624 2313 730 2352 ante
753 2323 800 2351 os
822 2306 916 2351 vim
939 2306 1254 2368 descripturus
1286 2312 1399 2362 erat,
1434 2304 1594 2366 quidni
1625 2321 1731 2351 cum
1759 2305 1913 2368 paullo
1943 2313 2049 2351 ante
2079 2305 2115 2352 I.
2139 2309 2184 2351 4.
2211 2309 2238 2352 8
2267 2307 2367 2353 lite·

392 2404 490 2432 ram
517 2387 665 2450 ipsam
696 2385 1142 2441 commemoraverit,
1178 2401 1292 2441 „vos
1322 2392 1375 2429 ut
1408 2401 1496 2447 flos
1530 2384 1690 2430 sonat’'
1721 2385 1920 2431 scribere
1950 2386 2130 2448 potuit?
2197 2385 2367 2433 Genui-

395 2484 501 2512 nam
532 2474 687 2512 autem
721 2466 917 2527 figuram
950 2483 977 2510 a
1005 2464 1284 2521 Quintiliano
1314 2465 1564 2510 adhibitam
1597 2465 1739 2510 fuisse
1778 2481 1885 2510 cum
1921 2481 2005 2528 per
2042 2481 2090 2511 se
2124 2466 2368 2513 verisimile

391 2547 452 2594 sit
471 2554 570 2593 tum
592 2563 646 2593 eo
671 2546 995 2609 conprobatur,
1031 2546 1156 2607 quod
1177 2544 1211 2591 I.
1239 2548 1281 2591 7.
1307 2547 1382 2591 26.
1434 2562 1471 2608 g
1493 2544 1675 2606 signum
1706 2545 1752 2591 in
1777 2545 1934 2592 codice
1955 2545 2159 2592 Mediceo
2180 2563 2366 2594 conser-

389 2636 549 2674 vatum
571 2644 671 2672 esse
693 2627 753 2673 H.
776 2627 988 2672 Ernstius
1011 2634 1223 2682 testatur,
1259 2627 1383 2687 quod
1405 2626 1486 2671 vix
1508 2626 1774 2671 coniectura
1795 2627 2003 2689 inrepere
2033 2628 2197 2690 potuit.
2264 2628 2365 2675 Hoc

390 2709 499 2770 quia
521 2726 548 2753 a
569 2708 763 2753 librariis
786 2724 879 2752 non
902 2708 1265 2768 intellegebatur,
1299 2707 1512 2751 facillime
1535 2707 1581 2751 in
1606 2706 1744 2763 „eos”
1776 2707 2051 2769 scripturam
2082 2710 2183 2753 cod.
2209 2709 2363 2755 Turio.

387 2789 702 2836 commutandi
725 2788 1014 2834 occasionem
1035 2787 1260 2849 praebuit.
1329 2786 1659 2833 Confusionem
1681 2802 1760 2832 eos
1784 2794 1831 2831 et
1855 2802 1934 2832 cos
1956 2788 2287 2833 vocabulorum
2317 2789 2365 2834 in

387 2870 489 2917 cod.
515 2868 700 2931 quidem
723 2868 860 2915 Lucr.
884 2867 1021 2930 Hugo
1044 2867 1337 2913 Purmannus
1360 2866 1498 2914 Lucr.
1523 2873 1702 2928 quaest.
1727 2882 1850 2930 spec.
1881 2884 1926 2929 p.
1947 2869 2005 2913 27
2039 2867 2209 2915 docuit.
2244 2867 2366 2916 Con-
