2766 3345
364 180 500 239 duas3
534 180 622 228 nisi
643 179 745 242 quis
767 184 901 243 putat
922 178 1058 225 etiam
1079 193 1140 225 ex
1160 177 1307 226 tribus
1327 178 1564 226 vocalibus
1586 177 1808 241 syllabam
1828 177 1941 235 fieri,
1976 175 2016 224 si
2037 194 2130 224 non
2153 176 2330 239 aliquae

363 260 519 310 officio
541 258 896 309 consonantium
916 257 1183 320 fungantur.
1207 282 1210 284 ·
1248 256 1450 315 Quaeret
1478 258 1567 306 hoc
1596 256 1748 324 etiam,
1784 258 2014 318 quomodo
2044 258 2220 305 duabus
2251 259 2329 305 de·

363 356 491 401 mum
512 338 747 387 vocalibus
769 337 817 385 in
840 354 889 385 se
911 336 1033 401 ipsas
1055 337 1251 385 coeundi
1279 345 1445 385 natura
1466 337 1539 395 sit,
1572 353 1680 385 cum
1709 337 2061 384 consonantium
2089 338 2214 384 nulla
2243 338 2330 385 nisi

362 420 554 467 alteram
575 418 770 480 frangat.
836 417 979 478 Atqui
999 417 1151 464 littera
1170 417 1193 464 I
1214 418 1300 465 sibi
1320 418 1490 474 insidit,
1524 417 1710 464 coniicit
1737 417 1859 463 enim
1890 425 1961 463 est
1988 418 2045 463 ab
2074 418 2150 463 illo
2178 417 2328 464 iacit.’'

364 499 483 560 (Sor.
506 499 609 545 cod.
630 499 673 545 A
694 501 735 545 1.
762 498 905 544 verba
928 498 1045 543 haec
1078 515 1215 554 „cum
1241 498 1595 544 consonantium
1623 497 1749 543 nulla
1786 498 1873 543 nisi
1901 498 2090 543 alteram
2119 497 2327 559 frangat''

361 596 485 625 man.
510 580 535 625 2
559 578 706 625 lineae
728 577 1052 641 superscripsit
1073 595 1159 640 pro
1182 578 1362 634 „littera
1382 577 1432 625 1”
1454 578 1684 641 reperitur
1707 577 1934 635 „litteram
1954 577 2003 623 P’
2027 579 2074 623 in
2103 579 2328 624 vocabulo

364 657 590 716 „conicit”
612 676 659 704 m
681 661 709 704 2
732 658 755 705 i
772 658 1148 722 supet-scripsisse
1169 658 1385 720 videtur.)

550 821 624 866 Ad
659 819 884 866 vocabula
922 818 1119 876 „unam”
1158 826 1206 865 et
1244 819 1416 876 „duas”
1456 835 1550 865 non
1591 817 1884 882 „syllabam”,
1935 820 2016 864 sed
2064 820 2324 876 „vocalem”

360 907 513 946 mente
535 901 836 964 supplendam
857 916 972 957 esse,
1002 907 1131 945 recte
1153 906 1316 945 contra
1337 899 1594 945 Gesnerum
1616 899 1902 961 Spaldingius
1926 900 2175 945 contendit.
2208 900 2323 946 Nam

361 996 454 1041 quo
489 981 676 1026 tandem
705 987 841 1043 pacto
871 979 1104 1026 Gesnerus
1140 986 1264 1025 recte
1291 980 1615 1042 procedentem
1654 979 1790 1023 faciet
1821 980 2173 1041 disputationem
2206 981 2323 1036 „nisi

362 1059 462 1120 quis
483 1066 629 1122 putat,
663 1060 800 1105 etiam
821 1075 881 1105 ex
901 1060 1049 1105 tribus
1070 1059 1305 1106 vocalibus
1329 1058 1548 1121 syllabam
1569 1056 1727 1104 fieri’'?
1764 1057 1925 1103 deinde
1954 1059 2104 1104 verbis
2145 1059 2208 1104 ita
2239 1076 2319 1106 ex·

362 1138 539 1201 plicatis
562 1139 831 1202 diphthongi
861 1155 954 1185 non
989 1144 1420 1195 commemorantur,
1455 1153 1568 1199 quas
1599 1137 1784 1198 quidem
1814 1137 1901 1183 hoc
1931 1137 2034 1183 loco
2066 1139 2321 1185 necessario

359 1218 649 1276 desiderabis,
683 1219 761 1265 ubi
794 1218 972 1281 singula
1001 1218 1230 1265 vocalium
1258 1234 1351 1273 una
1380 1217 1553 1281 syllaba
1584 1216 2009 1279 coniungendarum
2041 1233 2208 1280 genera
2239 1235 2318 1265 ex-

357 1298 617 1361 planantur.
681 1298 835 1345 Prima
856 1298 977 1345 enim
998 1297 1223 1344 enuntiati
1242 1304 1373 1361 parte
1397 1304 1509 1355 „aut
1531 1313 1669 1343 unam
1690 1297 1874 1359 longam
1897 1297 2085 1354 faciunt,
2121 1305 2173 1344 ut
2193 1306 2316 1344 vete·

357 1392 431 1422 res
455 1378 738 1441 scripserunt
759 1385 805 1424 et
828 1394 872 1440 q.
896 1377 962 1424 s.”
986 1378 1033 1423 id
1063 1384 1243 1424 tantum
1266 1393 1412 1439 genus
1439 1377 1643 1434 indicari,
1679 1377 1804 1438 quod
1824 1377 1978 1424 Attius
1999 1378 2240 1428 =vocalibus
2263 1380 2317 1435 A,

356 1457 409 1514 E,
432 1457 473 1505 U
494 1458 683 1519 geminis
706 1458 884 1522 scriptis
907 1458 1132 1521 expressit
1152 1457 1426 1503 Ritschelius
1447 1457 1651 1503 Monum.
1675 1457 1816 1520 epigr.
1840 1458 1944 1502 trib.
1967 1475 2012 1520 p.
2033 1459 2091 1503 22
2118 1473 2186 1519 sq.
2210 1458 2317 1504 viris

357 1536 503 1584 doctis
535 1537 774 1600 persuasit.
838 1536 997 1599 Itaque
1029 1536 1116 1584 nisi
1146 1535 1424 1593 Quintiliano
1461 1536 1720 1599 exponendi
1761 1535 2047 1598 neglegentia
2074 1536 2316 1594 tribuatur,

356 1617 442 1664 illis
472 1618 623 1664 verbis
655 1618 924 1680 diphthongi
962 1635 1054 1664 non
1092 1617 1540 1679 conprehenduntur.
1579 1645 1643 1652 —
1680 1617 1733 1662 In
1772 1618 2047 1662 editionibus
2084 1619 2314 1663 veteribus

355 1697 628 1744 sententiam
651 1704 917 1758 sequentem
938 1697 1002 1743 ita
1023 1697 1239 1759 scriptam
1259 1696 1481 1758 reperies:
1517 1697 1635 1753 „nisi
1664 1697 1766 1757 quis
1797 1704 1943 1758 putat,
1978 1697 2115 1743 etiam
2144 1715 2202 1744 ex
2233 1699 2313 1744 tri-

354 1777 441 1824 bus
463 1776 695 1824 vocalibus
719 1776 936 1838 syllabam
965 1776 1079 1833 fieri,
1115 1776 1239 1836 quod
1267 1775 1440 1836 nequit,
1475 1776 1514 1822 si
1543 1793 1637 1822 non
1666 1776 1844 1836 aliquae
1875 1776 2028 1823 officio
2058 1794 2312 1824 consonan-

353 1857 468 1903 tium
489 1855 783 1917 fungantur.''
848 1856 1000 1902 Verba
1021 1863 1189 1912 autem,
1224 1857 1380 1916 „quod
1402 1856 1588 1917 nequit'’
1613 1857 1659 1901 in
1683 1857 1864 1919 optimis
1888 1858 2123 1902 codicibus
2146 1860 2312 1903 omissa

353 1949 440 1983 suo‘
470 1937 568 1983 iure
596 1943 830 1998 tamquam
858 1952 1195 1999 supervacanea
1224 1943 1362 1997 atque
1391 1936 1547 2000 spuria
1566 1936 1777 2000 Meyerus
1808 1944 1854 1981 et
1875 1937 2114 2001 Zumptius
2143 1940 2309 1985 reiece-

353 2024 476 2063 runt.
540 2017 641 2063 Hoc
665 2017 848 2077 quidem
869 2017 1177 2062 additamento
1201 2016 1318 2072 „nisi
1341 2017 1442 2076 quis
1465 2024 1598 2078 putat
1621 2051 1885 2063 .........
1910 2018 2190 2079 fungantur''
2211 2019 2308 2065 Rite

353 2097 549 2143 schelius
570 2096 618 2142 in
639 2113 842 2142 monum.
866 2097 1006 2159 epigr.
1029 2096 1134 2141 trib.
1156 2114 1201 2159 p.
1222 2098 1279 2141 22
1303 2096 1403 2141 fieri
1423 2113 1559 2158 posse
1581 2097 1854 2159 suspicatur,
1890 2106 1944 2143 ut
1963 2099 2069 2144 illuc
2093 2099 2312 2161 spectarit

353 2175 671 2233 Quintilianus,
706 2177 829 2236 quod
860 2191 1019 2238 reapse
1048 2191 1131 2238 per
1168 2175 1350 2236 aliquod
1386 2182 1567 2238 tempus
1607 2177 1663 2222 de
1701 2183 1827 2222 certa
1865 2179 2062 2238 quadam
2100 2179 2311 2225 doctrina

352 2255 456 2306 ΑΕῙ
478 2256 697 2319 scriptum
720 2259 893 2318 est³pro
916 2256 996 2301 ΑΕ
1018 2256 1091 2302 vel
1111 2254 1188 2302 ΑΙ.
1253 2255 1374 2301 Fieri
1404 2272 1513 2302 sane
1534 2256 1698 2319 potuit,
1733 2257 1813 2302 sed
1843 2257 1949 2318 quia
1979 2257 2059 2303 vix
2090 2266 2310 2319 quattuor

352 2336 488 2383 huius
509 2336 791 2399 triphthongi
811 2336 858 2381 in
879 2336 1106 2398 lapidariis
1128 2335 1435 2382 monumentis
1457 2336 1748 2398 reperiuntur
1764 2337 1986 2399 exempla,
2021 2339 2311 2398 nequeultra

352 2416 583 2464 modicum
605 2416 773 2463 saeculi
795 2415 973 2478 septimi
995 2415 1205 2478 spatium,
1239 2415 1361 2462 aliud
1389 2415 1604 2476 quiddam
1633 2432 1694 2462 ex
1724 2432 1933 2462 sermone
1956 2418 2205 2464 cottidiano
2227 2436 2307 2481 pe-

349 2497 500 2553 titum,
535 2498 660 2558 quod
694 2496 841 2560 primo
872 2503 1061 2558 aspectu
1088 2496 1135 2542 in
1165 2502 1374 2541 neutram
1401 2503 1578 2558 partem
1608 2497 1867 2557 quadraret,
1892 2498 2126 2559 scriptoris
2150 2499 2304 2546 animo

351 2577 644 2624 obversatum
673 2576 813 2623 fuisse
842 2575 1064 2638 suspicor,
1099 2575 1200 2622 dico
1232 2575 1457 2622 vocabula
1486 2592 1649 2636 „quae,
1684 2576 1806 2636 quoi,
1841 2576 1989 2637 quia‘’.
2057 2577 2310 2638 (particula

351 2654 517 2717 „quia”
548 2655 586 2702 si
617 2672 710 2701 non
743 2673 770 2701 a
799 2655 960 2718 poetis,
995 2655 1074 2716 qui
1101 2655 1334 2718 dactylicis
1363 2655 1565 2701 numeris
1594 2672 1733 2701 aurea
1760 2663 1908 2702 aetate
1941 2658 2205 2715 utebantur,
2239 2667 2308 2705 ta-

349 2752 455 2782 men
485 2742 512 2781 a'
541 2735 726 2782 comicis
756 2754 867 2782 num
894 2736 1207 2798 monosyllaba
1234 2743 1454 2798 usurpata
1482 2752 1582 2781 esse
1613 2736 1823 2781 videatur
1855 2739 2109 2783 secundum
2131 2738 2305 2786 Ritsch.

347 2816 463 2879 proli
481 2815 637 2861 Haut.
660 2833 705 2878 p.
729 2819 816 2862 133
841 2817 1102 2877 ambiguum
1132 2819 1222 2872 est3
1256 2823 1379 2861 certe
1402 2816 1704 2861 Terentianus
1725 2817 1913 2862 Maurus
1943 2817 1991 2862 in
2007 2820 2181 2865 ·metris
2209 2828 2305 2866 tro-

348 2895 515 2943 chaicis
540 2894 704 2957 „quia”
721 2903 955 2958 tamquam
972 2896 1334 2960 monosyllabum
1350 2895 1590 2957 adhibuit.)
1638 2895 1755 2942 Nam
1772 2912 1831 2943 ex
1846 2897 1948 2943 loco
1965 2897 1996 2943 l.
2013 2897 2114 2944 XII.
2137 2902 2208 2945 10.
2229 2901 2321 2948 30..

1842 2976 1885 3024 D
1898 2979 1923 3024 2
