2766 3345
370 166 625 222 Hei-manni
660 173 816 214 autem
852 165 1278 229 interpretationem
1314 166 1468 216 verbis
1509 181 1627 228 quae
1665 172 1887 213 secuntur
1917 182 2055 224 „cum
2082 181 2340 213 consonan-

369 249 489 297 tium
507 248 635 295 nulla
654 247 744 295 nisi
762 245 954 293 alteram
981 245 1190 309 frangaff
1221 247 1492 294 examinatis
1530 246 1692 294 fulcire
1729 247 1896 293 licebit.
1960 247 2209 293 Videamus
2247 247 2340 311 pri-

370 345 524 386 mum,
557 327 670 390 quid
696 327 969 391 interpretes
1000 327 1089 374 hoc
1119 326 1221 373 loco
1250 327 1578 375 enarraverint.
1642 328 1765 374 Ante
1797 328 1951 374 omnia
1981 327 2213 375 Gesnerus
2242 328 2341 373 lau·

364 409 549 456 dandus
587 413 672 465 est,
706 407 787 470 qui
821 407 1016 454 verbum
1053 406 1260 466 „coeat”,
1294 414 1455 473 utpote
1492 408 1533 455 si
1569 423 1665 454 non
1704 407 1752 454 in
1790 408 2018 466 omnibus,
2052 414 2254 455 attamen
2294 408 2341 454 in

370 487 554 552 optimis
577 488 812 535 codicibus
836 487 1073 545 omissum,
1094 487 1315 535 reiecerit.
1379 488 1551 551 Regius
1573 494 1728 534 autem
1749 495 1798 534 et
1817 487 2000 535 Pseudo
2022 489 2266 535 Turnebus
2288 504 2343 534 ea

370 574 566 614 utuntur
586 567 979 631 interpretatione,
1013 573 1067 613 ut
1088 568 1202 613 duas
1224 569 1500 630 easdemque
1522 575 1829 614 consonantes
1858 584 1918 614 ex
1944 568 2015 614 his
2037 568 2189 614 verbis
2213 568 2336 614 elici-

369 653 472 704 ant;
515 663 618 693 mea
655 647 842 709 quidem
870 646 1100 693 sententia
1121 646 1252 704 falso,
1287 648 1409 710 quia,
1443 648 1524 693 ubi
1545 649 1603 693 de
1623 647 1860 694 literarum
1887 648 1935 693 in
1958 664 2098 693 unam
2120 647 2339 711 syllabam

370 727 625 775 conexione
647 726 813 789 agitur,
847 727 974 773 nullo
997 726 1165 773 indicio
1187 733 1294 773 ante
1316 728 1440 774 facto
1462 728 1522 774 ad
1544 727 1916 774 coniunctionem
1937 727 2116 790 generis
2147 742 2339 792 prorsus

370 808 539 854 diversi
557 807 754 853 transire
775 808 940 853 nimiae
963 808 1274 869 neglegentiae
1296 816 1379 854 est.
1445 807 1653 855 Gesnero
1674 824 1837 854 vereor
1854 824 1911 854 ne
1934 808 2249 854 oscitationem
2269 809 2337 854 vi-

369 888 672 950 tuperandam
691 887 957 944 tribuerem,
991 887 1031 933 si
1053 888 1178 948 quod
1198 887 1246 932 in
1268 887 1365 933 eius
1387 888 1586 933 editione
1608 888 1854 944 invenitur,
1888 905 1982 933 non
2005 888 2167 933 calami
2183 903 2337 933 errore

372 973 524 1012 ortum
546 980 646 1013 esse
668 966 938 1023 iudicarem3
974 967 1061 1013 etsi
1088 966 1210 1012 enim
1238 968 1487 1013 rectissime
1516 968 1769 1024 contendit,
1805 985 1974 1024 „unam
2007 974 2338 1013 consonantem

370 1046 559 1093 alteram
579 1064 608 1092 a
629 1063 678 1093 se
700 1045 929 1094 diversam
957 1045 1214 1108 frangere‚’'
1248 1047 1323 1093 cui
1351 1047 1553 1110 opinioni
1574 1047 1863 1110 Spaldingius
1895 1055 1942 1094 et
1963 1047 2018 1094 G.
2043 1047 2335 1094 Her-mannus

369 1127 689 1190 astipulantur,
720 1134 876 1171 tamen
897 1127 967 1182 iis,
1002 1143 1120 1187 quae
1141 1127 1294 1171 attulit
1315 1144 1375 1171 ex
1404 1128 1436 1171 l.
1458 1127 1558 1172 ΧΠ.
1586 1131 1659 1172 10.
1684 1131 1760 1172 29.
1790 1129 1958 1183 verbis,
1992 1145 2120 1171 arma
2147 1129 2206 1171 ad
2235 1144 2335 1172 sese

368 1206 716 1270 inpugnandum
752 1208 966 1270 praebet,
1000 1208 1250 1253 dicentem:
1286 1215 1467 1264 „mutas
1505 1226 1533 1253 a
1560 1209 1745 1269 liquidis
1786 1207 1979 1270 frangi''.
2046 1208 2336 1253 Slothouveri

368 1287 633 1334 coniectura
662 1287 710 1333 in
732 1289 835 1333 Act.
859 1288 961 1334 Soc.
987 1288 1109 1335 Tra-i.
1140 1287 1219 1334 m.
1247 1305 1292 1352 p.
1316 1291 1418 1334 126.
1451 1290 1703 1335 secundum
1724 1289 1963 1353 Meyerum
1991 1289 2038 1334 in
2069 1289 2267 1334 editione
2298 1289 2336 1333 si

369 1382 532 1414 revera
551 1367 665 1414 haec
686 1374 759 1413 est
781 1383 918 1425 „cum
939 1367 1292 1415 consonantium
1314 1369 1439 1415 nulla
1459 1369 1505 1415 in
1529 1385 1577 1416 se
1599 1370 1789 1416 alteram
1816 1368 2042 1432 frangat''‚
2061 1369 2195 1415 nimis
2224 1384 2334 1415 con·

367 1454 494 1494 torta
529 1454 614 1494 est.
679 1448 834 1494 Verba
868 1449 1009 1511 igitur
1046 1455 1264 1513 corrupta
1300 1465 1400 1496 esse
1455 1450 1784 1498 Slothouverus
1823 1457 1948 1497 recte
1997 1450 2333 1496 animadvertit.

369 1526 523 1585 „Nisi”
545 1527 671 1573 enim
698 1528 961 1575 coniunctio
990 1535 1086 1574 tam
1116 1529 1330 1575 inusitate
1359 1530 1559 1576 adhibita
1597 1537 1680 1587 est,
1716 1537 1769 1576 ut
1806 1547 1900 1577 non
1939 1531 2090 1576 solum
2128 1547 2157 1576 a
2183 1529 2335 1577 Latini

369 1606 616 1663 sermonis,
650 1608 732 1653 sed
763 1608 820 1653 ab
852 1624 990 1654 sanae
1027 1608 1192 1654 mentis
1229 1608 1405 1670 legibus
1444 1610 1699 1655 abhorreat.
1767 1609 1886 1656 Cum
1922 1626 2035 1656 vero
2075 1609 2332 1655 emendatio

367 1686 612 1750 probabilis
644 1686 692 1731 in
721 1693 939 1750 promptu
978 1703 1070 1733 non
1109 1688 1189 1744 sit,
1223 1688 1270 1733 in
1308 1688 1611 1751 explicatione
1647 1689 1951 1752 interpretum
1989 1690 2332 1745 nonnullorum,

370 1782 487 1828 quae
507 1765 753 1813 maximam
774 1766 913 1813 habet
932 1766 1369 1815 verisimilitudinem
1399 1768 1463 1815 ita
1483 1770 1761 1816 versandum
1784 1769 1884 1827 erit,
1919 1776 1973 1816 ut
2004 1770 2227 1832 quaedam
2258 1786 2330 1815 ar.-

367 1853 584 1908 gumenta
606 1863 724 1908 quae
755 1847 812 1894 ad
848 1847 1291 1895 stabiliendam'eam
1328 1849 1512 1896 valeant
1542 1850 1732 1914 insuper
1761 1851 2032 1897 adiciantur.
2098 1852 2172 1898 Ad
2203 1850 2331 1897 verbi

367 1925 665 1988 „frangendi”
688 1927 923 1973 notionem
945 1927 1278 1991 explanandam
1305 1929 1396 1975 iam
1415 1929 1723 1987 Burmannus,
1758 1930 2008 1989 Gesnerus,
2042 1931 2331 1995 Spaldingius

365 2006 596 2069 aptissime
624 2007 654 2052 l.
682 2007 713 2052 l.
745 2007 845 2053 XII.
873 2011 945 2054 10.
971 2011 1046 2054 29.
1079 2009 1387 2055 contulerunt.
1455 2009 1601 2067 „Nam
1633 2018 1680 2057 et
1709 2012 1800 2068 illa,
1835 2028 1952 2073 quae
1982 2020 2054 2059 est
2082 2019 2216 2059 sexta
2243 2014 2329 2073 (sc.

364 2086 515 2146 litera)
554 2094 831 2143 nostrarum,
863 2104 1008 2150 paene
1046 2105 1141 2133 non
1167 2089 1370 2149 ‘humana
1400 2106 1531 2146 voce,
1564 2091 1638 2136 vel
1674 2092 1862 2136 omnino
1891 2109 1986 2138 non
2015 2108 2129 2138 voce
2159 2093 2331 2155 potius,

366 2165 486 2210 inter
514 2166 775 2211 discrimina
806 2168 1011 2211 dentium
1040 2168 1238 2213 efflanda
1266 2176 1357 2225 est3
1401 2186 1539 2231 quae,
1574 2170 1711 2215 etiam
1739 2187 1845 2216 cum
1882 2173 2089 2217 vocalem
2118 2172 2332 2235 proxima

367 2244 532 2307 accipit
555 2262 722 2306 quassa
744 2248 1095 2307 quodammodo,
1129 2248 1287 2308 utique
1317 2249 1530 2309 quotiens
1559 2250 1758 2311 aliquam
1786 2259 2117 2298 consonantem
2144 2253 2332 2314 frangit,

366 2331 421 2370 ut
440 2325 489 2370 in
510 2326 598 2372 hoc
619 2326 719 2388 ipso
744 2326 970 2387 „frangit”
993 2328 1139 2373 multo
1161 2329 1215 2373 fit
1234 2329 1506 2375 horridior.”
1536 2330 1845 2376 Buttmannus
1871 2331 2140 2392 „frangere”
2163 2333 2224 2377 ad
2244 2333 2331 2378 im-

366 2404 590 2454 minutam
611 2406 811 2453 cuiusvis
834 2407 1129 2454 consonantis
1151 2414 1426 2470 potestatem
1454 2416 1562 2472 post
1588 2410 1723 2456 aliam
1751 2411 1798 2457 in
1829 2429 1923 2457 una
1952 2411 2127 2475 syllaba
2154 2412 2333 2475 positae

365 2483 595 2547 pertinere
625 2485 874 2543 contendit,
909 2487 1034 2548 quod
1064 2486 1248 2549 quidem
1278 2504 1337 2534 ex
1366 2489 1767 2550 grammaticorum
1794 2490 1989 2538 lectione
2018 2500 2178 2555 patere
2206 2492 2331 2539 dicit.

365 2564 456 2611 Sed
493 2565 620 2611 nulla
648 2567 1047 2628 grammaticorum
1072 2575 1319 2631 praecepta
1347 2569 1615 2616 nominatim
1644 2571 1830 2628 adtulit,
1865 2588 2014 2634 neque
2046 2573 2198 2620 adhuc
2226 2590 2331 2637 rep-

364 2644 479 2707 peri,
513 2646 679 2705 quibus
701 2647 808 2693 huic
837 2655 1081 2710 praecepto
1121 2648 1444 2694 satisfacerem.
1508 2649 1653 2695 Immo
1691 2652 1950 2713 refragatur
1971 2652 2116 2698 Prisc.
2155 2671 2202 2716 p.
2224 2656 2330 2699 547.

365 2726 442 2770 48.
510 2723 700 2780 „Omnis
724 2727 846 2773 enim
871 2727 1003 2773 litera
1032 2728 1127 2774 sive
1154 2745 1251 2774 vox
1277 2729 1381 2791 plus
1420 2737 1554 2775 sonat
1590 2730 1691 2793 ipsa
1727 2747 1843 2788 sese,
1877 2747 1984 2778 cum
2019 2734 2332 2796 postponitur,

365 2819 505 2865 quam
526 2819 633 2851 cum
662 2807 971 2870 anteponitur,
1006 2808 1131 2870 quod
1152 2808 1386 2856 vocalibus
1416 2809 1630 2857 accidens
1657 2827 1759 2858 esse
1780 2811 1991 2858 videtur'’
2015 2820 2103 2860 etc.
2169 2813 2330 2875 Itaque

364 2883 543 2932 cautius
567 2885 654 2933 erit
676 2902 910 2948 quaerere,
945 2905 1062 2950 quae
1086 2888 1270 2952 quidem
1291 2896 1597 2937 consonantes
1629 2890 1689 2938 in.
1706 2893 1866 2939 eadem
1896 2893 2071 2957 syllaba
2104 2895 2128 2941 f
2153 2895 2330 2942 literam
