2766 3345
376 563 531 655 Inter
558 620 732 666 omnes,
766 598 861 670 qui
876 605 1027 655 adhuc
1048 597 1353 655 innotuerunt
1373 606 1556 655 codices
1579 604 1912 664 QuintilianeOs
1941 604 2120 663 nullum
2149 604 2353 668 reperiri,

377 687 454 737 cui
478 693 530 736 et
547 685 926 737 'obvet‘ustatem
959 693 1007 736 et
1026 688 1094 736 *ob
1123 687 1311 750 originis
1340 686 1664 735 auctoritatem
1693 686 1742 733 in
1769 686 1927 749 primis
1951 686 2112 733 saltem
2132 686 2258 732 libris
2281 703 2353 732 re-

377 767 709 837 cognoscendis
724 773 903 815 tantam
918 767 1059 815 fidem
1073 767 1276 815 tribuere
1292 767 1441 826 liceat,
1465 774 1687 830 quantam
1704 767 1852 813 codici
1867 766 2172 813 Ambrosiano
2190 766 2353 829 primo,

375 848 487 896 viris
509 848 672 905 doctis,
714 849 796 909 qui
825 864 910 911 per
935 849 1126 910 triginta
1153 849 1320 895 abhinc
1357 865 1504 894 annos
1530 848 1641 894 huic
1663 847 1963 893 institutionis
1987 847 2214 892 oratoriae
2235 846 2356 908 parti

377 928 583 975 criticam
619 928 768 974 facem
806 920 1096 986 adtulerunt,
1135 929 1246 975 satis
1284 944 1558 991 persuasum
1588 934 1674 974 est.
1738 926 1901 988 Itaque
1929 926 2143 989 Zumptio
2176 942 2356 971 summa

375 1008 478 1055 laus
499 1008 706 1065 debetur,
747 1009 874 1070 quod
904 1008 1101 1055 editione
1123 1008 1448 1072 Spaldingiana
1469 1025 1497 1054 a
1516 1008 1801 1055 Buttmanno
1832 1007 2057 1063 absoluta,
2098 1023 2153 1052 ea
2183 1006 2354 1052 codicis

375 1087 497 1135 illius
524 1074 799 1145 testimonia,
839 1104 958 1148 quae
989 1104 1137 1150 usque
1170 1089 1230 1134 ad
1262 1105 1439 1134 nonum
1466 1087 1636 1133 librum
1658 1087 1923 1150 Spaldingio
1947 1088 2155 1132 nondum
2178 1087 2236 1131 ad
2257 1102 2353 1131 ma-

377 1163 500 1215 num
521 1167 719 1226 fuerant,
749 1167 798 1214 in
829 1167 991 1231 quinto
1012 1167 1246 1216 volumine
1268 1167 1515 1232 conposuit
1544 1167 1722 1230 sibique
1746 1174 1793 1232 et
1819 1167 1918 1214 aliis
1941 1166 2183 1231 philologis
2206 1181 2353 1213 novae

376 1248 588 1295 editionis
610 1250 841 1312 parandae
863 1249 1043 1312 copiam
1063 1249 1187 1295 fecit.
1253 1248 1543 1312 Spaldingius
1566 1248 1702 1306 enim,
1735 1264 1842 1295 cum
1873 1248 1965 1294 iam
1994 1249 2086 1294 duo
2118 1246 2356 1294 volumina

378 1327 665 1385 confecisset,
687 1327 775 1374 iter
795 1328 843 1374 in
864 1326 1042 1374 Italiam
1062 1329 1278 1392 suscepit,
1303 1344 1395 1389 qua
1417 1329 1657 1375 occasione
1679 1328 1781 1374 fieri
1804 1344 1898 1374 non
1920 1328 2085 1391 potuit,
2120 1327 2232 1389 quin
2255 1325 2353 1372 ani-

376 1424 506 1453 mum
527 1408 789 1453 aduerteret
816 1408 980 1470 opibus
1008 1408 1096 1453 illis
1123 1409 1522 1470 recognoscendiS,
1563 1424 1678 1469 quas
1709 1423 1758 1453 se
1786 1408 1833 1453 in
1856 1407 2135 1453 bibliotheca
2155 1407 2353 1452 Ambro-

378 1487 508 1534 siana
527 1487 696 1533 vidisse
717 1492 913 1532 testatus
935 1493 1035 1532 erat
1054 1486 1239 1532 Isaacus
1260 1487 1469 1544 Vossius,
1500 1487 1673 1533 scilicet
1703 1487 1909 1533 codicem
1930 1486 2073 1532 literis
2098 1485 2354 1532 uncialibus

379 1566 616 1631 scriptum.
680 1565 772 1613 Sed
793 1566 985 1623 frustra3
1019 1582 1169 1628 neque
1190 1566 1301 1613 mihi
1324 1567 1535 1613 codicum
1557 1551 1817 1629 catalogum
1839 1566 2101 1630 inspicienti
2123 1572 2262 1628 atque
2284 1565 2352 1611 bi-

377 1641 631 1694 bliothecae
652 1646 937 1710 praefectum
966 1646 1118 1693 virum
1148 1663 1351 1693 summae
1375 1647 1601 1693 comitatis
1623 1647 1942 1709 interroganti,
1965 1647 2237 1693 thesaurum
2258 1653 2354 1691 tam

378 1727 616 1789 antiquom
636 1727 835 1789 reperire
858 1721 1062 1788 contigit.
1129 1726 1417 1789 Spaldingius
1440 1744 1551 1773 vero
1583 1728 1802 1784 codicem,
1834 1728 1914 1788 qui
1942 1744 2066 1773 nunc
2089 1726 2352 1773 Ambrosia-

378 1823 467 1854 nus
495 1807 670 1871 primus
698 1806 982 1863 nominatur,
1021 1807 1245 1870 repperit,
1286 1807 1416 1853 cuius
1456 1808 1711 1870 scripturae
1747 1807 1994 1853 varietates
2024 1808 2131 1853 inde
2168 1824 2196 1852 a
2228 1823 2352 1853 nono

376 1887 494 1952 libro
521 1893 711 1950 propter
739 1886 958 1949 temporis
987 1886 1221 1948 angustias
1251 1886 1463 1947 conlegit,
1494 1887 1719 1948 reliquam
1746 1894 1901 1932 tamen
1930 1894 2110 1948 partem
2133 1905 2160 1932 a
2183 1886 2234 1933 G.
2258 1886 2351 1932 Bu-

378 1972 508 2030 gato,
553 1962 753 2024 Abbate‚
791 1965 1092 2013 bibliothecae
1131 1966 1207 2012 illo
1245 1973 1452 2029 tempore
1490 1968 1749 2030 praefecto,
1790 1968 2118 2014 conferendam
2156 1967 2350 2013 curavit.

379 2046 668 2107 Quamquam
687 2047 825 2092 huius
848 2047 1019 2093 codicis
1043 2047 1293 2109 scripturas
1323 2046 1493 2092 maiore
1518 2063 1625 2092 cum
1647 2062 1773 2103 cura,
1806 2063 1945 2108 quam
1966 2048 2218 2092 multorum
2240 2047 2351 2092 alio-

379 2144 485 2176 rum
505 2126 717 2174 codicum
738 2126 968 2173 conlectas
991 2143 1091 2173 esse
1115 2134 1311 2183 constat,
1333 2134 1489 2172 tamen
1511 2134 1693 2172 tantum
1714 2128 1858 2184 abest,
1884 2135 1936 2173 ut
1952 2128 2137 2190 Zumpti
2160 2129 2216 2173 de
2240 2144 2351 2173 con-

378 2207 538 2255 latoris
561 2206 793 2269 diligentia
821 2206 988 2253 iudicio
1011 2206 1337 2253 confidendum
1376 2207 1454 2263 sit,
1495 2207 1575 2267 qui
1612 2207 1756 2269 praef.
1796 2223 1901 2270 pag.
1925 2222 2033 2264 xm,
2073 2207 2162 2253 nisi
2200 2207 2353 2269 gravis

381 2288 607 2351 quaedam
628 2302 793 2333 caussa
814 2287 978 2343 obstet,
1001 2286 1138 2332 etiam
1161 2287 1340 2333 silentio
1364 2303 1494 2332 suam
1510 2287 1650 2333 fidem
1672 2287 1828 2333 deberi
1851 2287 1975 2344 dicit,
1999 2294 2052 2333 ut
2069 2305 2192 2333 novo
2209 2286 2353 2344 Quin-

379 2367 526 2415 tiliani
547 2366 712 2413 editori
733 2366 940 2413 conlatio
954 2367 1105 2412 denuo
1128 2366 1410 2413 instituenda
1432 2366 1505 2413 sit.
1571 2365 1689 2413 Nam
1718 2384 1813 2413 non
1845 2367 1996 2413 solum
2017 2384 2183 2430 parum
2212 2369 2353 2413 adcu-

380 2454 495 2506 rate,
525 2446 636 2509 quid
664 2446 812 2510 prima
840 2462 1019 2503 manus,
1051 2446 1162 2507 quid
1190 2447 1393 2493 secunda
1424 2446 1673 2509 scripserit,
1702 2448 1975 2493 adnotatum
1997 2454 2082 2504 est,
2113 2448 2196 2494 sed
2218 2448 2356 2493 etiam

380 2526 627 2591 pleraeque
650 2526 903 2589 scripturae
923 2526 1183 2583 varietates,
1208 2542 1322 2587 quas
1346 2526 1385 2573 si
1406 2543 1500 2572 non
1524 2543 1698 2583 omneS,
1723 2534 1849 2573 certe
1871 2527 2092 2589 plurimas
2115 2527 2237 2573 infra
2258 2528 2354 2573 adi-

382 2606 515 2665 ciam,
538 2606 733 2654 omissae
750 2612 873 2654 sunt.
905 2605 1067 2668 Itaque
1088 2606 1287 2670 primum
1309 2622 1410 2652 eam
1431 2606 1603 2652 codicis
1624 2613 1818 2669 partem,
1850 2624 1968 2668 quae
1991 2608 2050 2653 ad
2070 2607 2240 2653 librum
2262 2608 2355 2671 pri-

380 2704 509 2734 mum
529 2686 730 2751 pertinet
752 2687 891 2750 (hanc
914 2686 1036 2734 enim
1058 2686 1202 2734 solam
1223 2686 1441 2749 cognovi)
1465 2686 1701 2749 aliquanto
1734 2688 1999 2734 adcuratius
2035 2704 2175 2750 quam
2205 2689 2355 2735 adhuc

381 2769 556 2815 factum
586 2775 659 2814 est
688 2768 944 2814 describam
973 2775 1020 2814 et
1048 2768 1300 2832 scripturae
1329 2768 1574 2814 varietates
1604 2785 1632 2813 a
1658 2768 1839 2829 Bugato
1879 2769 2071 2814 omissas
2108 2770 2354 2825 adnotabo,

382 2848 546 2896 deinde
573 2847 710 2895 huius
740 2849 909 2896 codicis
940 2848 1229 2913 potissimum
1258 2848 1530 2895 auctoritate
1561 2848 1688 2895 nisus
1718 2855 1799 2895 aut
1828 2849 2073 2895 nonnullas
2103 2849 2354 2912 scripturas
