2766 3345
595 152 805 200 Prooem.
830 156 855 214 ξ
881 156 923 200 6.
975 152 1140 212 „Quod
1161 170 1293 217 opus,
1314 154 1528 202 Marcelle
1549 155 1727 202 Victori
1746 154 1831 202 tibi
1851 154 2078 202 dicamus:
2112 168 2252 216 quem
2272 168 2380 201 oum

403 233 729 280 amicissimum
751 234 883 280 nobis
905 241 1006 279 tum
1028 234 1195 279 eximio
1217 234 1456 280 literarum
1479 252 1634 282 amore
1656 236 1927 297 flagrantem
1948 252 2042 283 non
2057 241 2247 298 propter
2262 233 2377 281 haec

403 314 541 359 modo
575 315 875 375 (quamquam
907 313 1000 359 sint
1027 313 1214 373 magna)
1250 313 1568 374 dignissimum
1588 314 1677 361 hoc
1699 322 1888 362 mutuae
1909 315 2030 362 inter
2058 331 2145 362 nos
2175 313 2377 362 caritatis

402 394 594 456 pignore
617 393 945 449 iudicabamus,
977 393 1058 438 sed
1081 392 1208 454 quod
1229 391 1481 438 erudiendo
1505 392 1649 440 Getae
1680 401 1778 453 tuo,
1811 396 1945 442 cuius
1963 395 2114 460 prima
2134 401 2259 442 aetas
2280 410 2376 441 ma-

404 474 621 520 nifestum
659 474 749 519 iam
786 473 956 534 ingenii
994 472 1149 517 lumen
1189 473 1416 529 ostendit,
1456 490 1551 519 non
1583 474 1767 521 inutiles
1807 476 1908 522 fore
1938 473 2052 523 libri
2088 477 2377 533 videbantur,

405 570 521 615 quos
553 554 609 598 ab
641 553 751 616 ipsis
784 552 989 598 discendi
1010 552 1139 598 velut
1160 552 1450 599 incunabulis
1472 569 1556 617 per
1578 570 1755 612 omnes,
1780 571 1898 616 quae
1918 557 2058 604 modo
2080 556 2254 618 aliquid
2275 572 2377 603 ora-

402 634 491 679 tori
513 634 671 679 futuro
693 634 950 689 conferant,
983 640 1104 678 artes
1128 633 1187 678 ad
1209 649 1436 678 summam
1459 633 1556 680 eius
1580 634 1732 696 operis
1761 636 2015 698 perducem
2036 635 2376 694 festinabimus3

402 720 539 773 atque
562 729 618 760 eo
640 714 800 775 magis,
835 714 961 774 quod
991 713 1083 759 duo
1106 712 1198 758 iam
1230 713 1315 759 sub
1339 712 1525 768 nomine
1546 728 1652 760 meo
1673 713 1777 760 libri
1796 714 2066 763 ferebantur
2087 715 2199 762 artis
2221 716 2377 763 rheto-

401 794 521 838 ricae
544 809 694 854 neque
717 793 826 839 editi
848 810 876 838 a
896 808 970 839 me
993 809 1143 854 neque
1166 793 1212 838 in
1234 792 1322 838 hoc
1345 791 1639 856 comparati'’.
1707 793 1966 857 (Scriptura
1985 795 2088 840 cod.
2110 795 2270 841 Ambr.
2298 797 2377 858 1.).

400 900 464 907 ——-
486 875 511 932 ξ
538 875 580 919 6.
615 872 853 936 Scriptura
876 870 1277 929 „destinabamus”
1300 879 1408 936 post
1435 873 1630 919 verbum
1654 872 1982 937 „perducere”,
2018 879 2244 935 quantum
2266 874 2376 933 scio,

400 970 558 999 omnes
582 953 805 999 editiones
828 952 1084 1016 occupavit.
1152 951 1440 1014 Quamquam
1461 969 1544 1016 per
1567 970 1615 999 se
1647 953 1758 999 ferri
1785 960 1952 1017 potest,
1984 959 2139 999 tamen
2167 952 2216 999 'm
2246 954 2376 1001 dubi·

398 1034 621 1079 tationem
643 1033 771 1079 venit
793 1034 851 1078 ob
882 1033 1051 1078 codicis
1073 1033 1365 1078 Ambrosiani
1396 1033 1532 1095 primi
1561 1034 1897 1090 auctoritatem,
1930 1034 2010 1095 qui
2035 1049 2122 1096 pro
2145 1034 2376 1089 „destina-

399 1112 592 1160 bamus”
618 1112 994 1172 „festinabimus”
1019 1113 1219 1159 exhibet.
1287 1111 1421 1169 Quod
1452 1114 1637 1175 quidem
1666 1114 1860 1161 verbum
1893 1113 2167 1161 sententiam
2188 1114 2378 1177 praebet

401 1203 448 1241 et
469 1194 567 1241 aliis
590 1195 701 1241 locis
725 1211 752 1240 a
775 1194 999 1256 scriptore
1023 1210 1294 1256 expressam
1314 1201 1361 1239 et
1382 1193 1421 1240 si
1442 1194 1595 1239 minus
1618 1194 1665 1240 in
1686 1201 1840 1240 totum
1862 1211 1995 1258 opus,
2016 1201 2172 1240 tamen
2194 1194 2242 1240 in
2260 1210 2375 1241 non-

402 1275 551 1321 nullas
585 1282 739 1337 partes
770 1290 934 1337 parum
964 1274 1189 1337 expolitas
1229 1274 1546 1334 quadrantem.
1611 1274 1737 1320 Dicit
1773 1274 1895 1320 enim
1923 1273 2231 1330 Quintilianus
2259 1273 2375 1320 Pro-

402 1373 519 1402 oem.
543 1355 618 1401 lib.
642 1354 720 1401 VI.
745 1357 769 1414 ξ
795 1356 837 1400 2.
876 1355 967 1410 „At
996 1370 1069 1399 me
1099 1353 1289 1399 fortuna
1322 1353 1369 1399 id
1398 1361 1611 1415 agentem
1641 1354 1801 1400 diebus
1833 1370 1887 1401 ac
1918 1354 2132 1401 noctibus
2152 1353 2375 1415 festinan-

402 1445 567 1498 temque
589 1443 714 1481 metu
737 1451 863 1480 meae
886 1434 1175 1479 mortalitatis
1199 1433 1262 1479 ita
1284 1434 1548 1496 prostravit,
1573 1441 1625 1479 ut
1646 1434 1815 1480 laboris
1838 1434 1927 1480 mei
1950 1435 2129 1480 fructus
2152 1435 2212 1480 ad
2232 1434 2376 1480 nemi·

401 1533 507 1562 nem
529 1516 679 1561 minus
704 1531 843 1576 quam
866 1515 923 1559 ad
946 1530 1018 1559 me
1040 1512 1334 1576 pertineret.''
1400 1513 1521 1559 VIII.
1547 1517 1591 1570 4,
1615 1517 1718 1560 146.
1753 1514 2065 1577 „Compositio
2089 1516 2217 1576 (nam
2237 1514 2377 1560 finem

400 1598 635 1660 imponere
659 1612 843 1658 egresso
879 1596 1157 1639 destinatum
1186 1596 1375 1639 modum
1404 1595 1628 1639 volumini
1647 1595 1836 1656 festino)
1868 1596 2004 1640 debet
2036 1611 2137 1640 esse
2165 1596 2374 1652 honesta,

399 1678 602 1722 iucunda
638 1675 809 1722 varia.”
874 1675 1033 1736 Neque
1072 1676 1292 1737 temporis
1332 1676 1477 1719 futuri
1515 1676 1664 1720 forma
1702 1676 1874 1736 aliquid
1911 1676 2051 1720 habet
2089 1673 2374 1732 offensionis,

400 1774 508 1805 cum
532 1757 728 1819 scriptor
756 1756 835 1802 ubi
865 1756 912 1801 in
935 1756 1023 1802 hoc
1046 1755 1279 1818 prooemio
1302 1755 1591 1817 propositum
1615 1773 1750 1803 suum
1772 1755 1958 1811 indicat,
1988 1755 2083 1801 fere
2107 1754 2266 1815 utique
2287 1755 2374 1802 hac

400 1837 530 1884 verbi
552 1838 701 1882 forma
725 1843 893 1881 utatur.
961 1838 985 1895 ξ
1013 1839 1053 1880 5.
1092 1835 1219 1897 „Ego
1247 1870 1545 1880 ..........
1574 1836 1812 1881 demittere
1834 1852 1908 1881 me
1932 1853 2026 1881 non
2048 1836 2273 1881 recusabo
2299 1871 2309 1880 .
2331 1871 2341 1880 .
2362 1870 2373 1880 .

403 1955 412 1963 .
435 1954 444 1963 .
467 1954 477 1963 .
499 1954 508 1962 .
528 1916 784 1980 incipiam.”
851 1920 875 1976 ξ
903 1920 944 1961 8.
982 1915 1163 1972 „Quare
1194 1916 1239 1960 in
1270 1916 1341 1960 his
1372 1933 1557 1977 quoque
1587 1917 1714 1961 libris
1747 1925 1885 1961 erunt
1913 1915 2092 1977 aliqua''
2126 1925 2212 1962 etc.
2280 1919 2304 1975 ξ
2330 1918 2373 1961 9.

400 2016 507 2046 cum
529 1999 576 2044 in
598 1999 810 2044 Ambros.
840 2001 879 2043 1.
916 1996 1210 2058 „exigemus”
1242 1998 1521 2059 reperiatur,
1562 1998 1621 2043 ob
1653 1999 1846 2043 eandem
1875 2014 2086 2044 caussam
2114 1997 2377 2060 recipienda

399 2088 482 2126 est.
550 2082 574 2138 ξ
603 2082 676 2125 11.
712 2078 916 2136 „Quare,
946 2078 1130 2124 tametsi
1160 2094 1233 2123 me
1264 2078 1412 2123 fateor
1444 2095 1637 2123 usurum
1666 2077 1984 2139 quibusdam.'’
2050 2081 2077 2138 ξ
2103 2080 2176 2124 12.
2212 2078 2374 2135 „dubi-

399 2158 614 2206 tabitur.’'
681 2161 806 2219 §21.
844 2157 975 2216 „Quo
1007 2158 1151 2220 magis
1182 2158 1470 2221 impetranda
1501 2158 1588 2205 erit
1624 2158 1760 2205 venia
1800 2158 1838 2204 si
1876 2174 1936 2204 ne
1971 2158 2151 2205 minora
2189 2157 2375 2219 quidem

403 2277 413 2286 .
435 2277 444 2286 .
466 2276 476 2286 .
495 2238 798 2302 praeteribo.''
844 2238 990 2295 „Nam
1020 2239 1135 2285 liber
1165 2239 1341 2301 primus
1367 2274 1569 2284 .......
1601 2237 1898 2285 continebit.”
1934 2237 2177 2295 „Secundo
2203 2273 2372 2284 ......

397 2319 740 2367 tractabimus.'’
808 2322 832 2380 ξ
859 2322 933 2364 22.
961 2319 1205 2382 „Quinque
1231 2354 1402 2364 ......
1428 2320 1674 2366 dabuntur.
1741 2318 1872 2365 Unus
1896 2320 2097 2376 accedet,
2133 2353 2369 2363 ........

401 2409 625 2463 quantum
657 2407 816 2446 nostra
845 2400 1016 2446 valebit
1046 2398 1331 2445 infirmitas.'’
1397 2402 1421 2459 ξ
1447 2401 1522 2445 23.
1559 2399 1673 2455 „His
1704 2400 1916 2445 omnibus
1948 2399 2298 2456 admiscebitur‚.
2322 2406 2375 2445 ut

403 2482 594 2543 quisque
617 2481 747 2526 locus
785 2479 1079 2543 postulabit.”
1119 2482 1245 2539 §25.
1281 2480 1512 2536 „breviter
1550 2480 1705 2525 omnia
1741 2478 2142 2525 demonstraturi.”
2208 2479 2372 2525 Verbis

401 2562 540 2623 igitur
564 2562 653 2606 hoc
682 2561 824 2605 modo
851 2561 1139 2617 constitutis,
1181 2575 1298 2621 quae
1332 2567 1575 2605 secuntur:
1612 2566 1781 2621 „atque
1805 2576 1862 2605 eo
1889 2559 2058 2621 magis,
2100 2560 2225 2620 quod
2254 2558 2373 2605 etc.'’

401 2642 650 2691 arctissime
672 2641 996 2703 coniungenda
1019 2647 1128 2685 sunt
1158 2656 1268 2690 cum
1298 2657 1352 2687 ea
1383 2640 1633 2698 sententia,
1673 2656 1792 2702 quae
1823 2640 1870 2686 in
1902 2640 1973 2686 his
2003 2640 2157 2687 verbis
2189 2647 2372 2686 antece·

401 2723 613 2768 dentibus
635 2722 778 2768 inest:
814 2723 927 2779 „sed
950 2722 1076 2783 quod
1099 2722 1349 2767 erudiendo
1374 2721 1517 2768 Getae
1539 2728 1622 2768 tuo
1656 2755 1922 2767 .........
1950 2738 2043 2767 non
2065 2721 2249 2767 inutiles
2272 2721 2379 2767 fore

399 2802 503 2849 libri
518 2801 836 2849 videbantur.'⁷
905 2805 947 2848 8.
974 2801 1155 2859 „Quare
1178 2802 1224 2849 in
1247 2802 1317 2849 his
1342 2818 1527 2864 quoque
1549 2801 1675 2848 libris
1699 2808 1837 2848 erunt
1858 2802 2016 2847 eadem
2039 2801 2205 2864 aliqua,
2227 2801 2377 2848 multa
