2766 3345
1339 41 1404 94 Μ

379 169 438 214 ab
471 168 808 215 sententiarum
836 184 1035 215 conexu.
1100 166 1218 214 Nam
1247 167 1373 216 haud
1405 168 1508 220 scio
1529 186 1590 217 an
1621 169 1929 227 Quintilianus
1955 169 2205 234 scripserit:
2241 170 2363 226 „iam

380 248 536 293 iocum
576 248 814 309 intellegit,
855 249 947 293 iam
984 247 1278 309 conchylium
1306 247 1501 308 poscit.'’
1573 248 1693 298 Nam
1730 251 1771 298 si
1808 251 2060 311 sequentia.
2083 256 2361 311 spectamus,

381 326 655 391 scriptorem
670 342 824 373 mores
847 333 1107 389 corruptos,
1131 325 1299 387 quibus
1315 324 1407 370 iam
1421 325 1625 374 infantes
1641 327 1870 390 inquinati
1882 336 2010 387 sunt,
2027 328 2362 394 reprehendero

381 409 586 471 adparet.
651 406 778 453 Dicit
813 406 958 452 enim:
994 404 1307 463 „Gaudemus,
1347 406 1387 453 si
1424 405 1538 467 quid
1565 403 1781 466 licentius
1812 408 2028 457 dixerint.
2092 409 2262 467 Verba,
2304 424 2364 456 ne

381 486 705 535 Alexandrinis
728 486 914 547 quidem
934 485 1244 550 permittenda
1273 485 1460 543 deliciis,
1497 485 1596 532 risu
1617 492 1665 533 et
1686 487 1847 535 osculo
1869 488 2140 552 excipimus,
2170 504 2256 537 nec
2277 488 2361 536 mi·-
2432 478 2435 481 ’

380 583 506 623 rum;
541 582 628 612 nos
651 564 908 621 docuimus,
930 580 991 611 ex
1013 564 1145 611 nobis
1170 564 1417 611 audierunt
1438 563 1556 612 ete.”
1620 564 1785 627 Itaque
1816 566 2015 630 scriptor
2044 567 2135 617 hoc
2166 568 2270 616 loco
2291 568 2362 616 in·

382 648 556 692 fantem
578 645 669 693 iam
697 644 851 691 iocum
871 644 1025 702 talem,
1066 644 1249 706 qualem
1276 644 1537 692 Forcellino
1567 651 1686 693 teste
1718 644 1806 693 Ov.
1826 647 1886 702 A.
1907 647 1966 693 A.
1988 645 2068 694 ΠΙ.
2095 648 2204 705 796,
2241 647 2360 698 Plin.

380 726 501 773 VIII.
534 728 611 772 40.
641 728 715 772 61.
746 732 1130 782 commemorant,
1169 740 1234 772 sc.
1268 725 1785 788 obscenumintellegere
1812 725 2019 775 ‚indicare
2047 727 2215 790 potuit,
2228 728 2362 776 ‘haud

378 807 500 853 enim
537 805 789 868 ignoravit,
840 805 952 866 quid
989 819 1044 850 eo
1084 806 1141 851 ab
1180 805 1442 852 hominibus
1479 805 1728 851 maioribus
1767 811 1881 855 natu
1920 805 2153 869 inpetrare
2188 815 2361 870 posset,

380 904 473 932 non
497 885 646 932 solum
669 884 842 941 oscula,
867 885 948 930 sed
973 884 1111 930 etiam
1140 884 1447 948 conchylium.
1512 883 1674 946 Neque
1700 901 1815 932 vero
1848 892 1901 931 ut
1920 884 2160 948 Meyerum
2187 902 2261 933 me
2290 888 2361 933 of-

377 966 525 1013 fendit
544 964 824 1012 vocabulum
848 962 1216 1026 „conchylium'’;
1252 965 1379 1025 quod
1399 964 1496 1011 fere
1520 964 1732 1011 omnibus
1756 964 1991 1011 codicibus
2023 965 2273 1012 sustentari
2291 966 2360 1013 vi-

378 1048 528 1102 detur,
552 1060 613 1090 ex
636 1060 729 1107 quo
752 1044 868 1089 falsa
890 1044 1120 1108 scriptura
1142 1044 1244 1088 cod.
1266 1045 1426 1089 Ambr.
1454 1047 1495 1089 1.
1521 1043 1848 1101 „cunnellum”,
1867 1044 2040 1090 exoriri
2060 1045 2225 1108 potuit,
2249 1060 2360 1090 con·

377 1134 471 1174 stat
508 1125 632 1173 enim
668 1123 962 1186 conchylium
1002 1131 1162 1186 utpote
1200 1123 1356 1170 cibum
1394 1123 1706 1171 delicatiorem
1742 1124 1921 1185 legibus
1952 1123 2172 1171 censoriis
2202 1125 2361 1171 coenis

376 1207 646 1268 ademptum
666 1205 823 1260 fuisse,
848 1205 974 1265 quod
994 1210 1193 1250 testatur
1216 1203 1334 1250 Plin.
1359 1202 1415 1251 N.
1439 1203 1499 1252 H.
1516 1203 1638 1251 VIII.
1660 1206 1735 1250 57.
1759 1204 1819 1251 cf.
1844 1203 1958 1250 Hor.
1976 1203 2122 1253 Sex-m.
2138 1203 2197 1251 Π.
2218 1206 2261 1250 8.
2281 1206 2360 1252 24.

376 1287 469 1333 Sed
507 1291 742 1347 superest,
782 1290 834 1329 ut
872 1284 1012 1330 alium
1053 1283 1322 1346 scrupulum
1354 1299 1607 1346 exponam,
1648 1284 1754 1330 inde
1783 1284 1841 1330 ab
1873 1283 2112 1330 enuntiato
2144 1284 2234 1331 hoc
2264 1286 2290 1343 ξ
2315 1286 2360 1332 6.

378 1365 595 1423 „Utinam
615 1364 865 1409 liberorum
887 1370 1155 1408 nostrorum
1177 1379 1328 1409 mores
1352 1379 1447 1409 non
1469 1363 1557 1426 ipsi
1577 1361 1902 1426 perderemus”
1928 1396 2258 1409 ...........
2281 1377 2360 1410 us·-

379 1462 469 1507 que
493 1444 553 1491 ad
574 1446 599 1504 ξ
623 1445 667 1490 9.
704 1442 909 1500 „Verum
931 1441 978 1489 in
1002 1440 1194 1489 studiis⁹⁹
1224 1449 1312 1490 etc.
1348 1441 1547 1505 scriptor
1573 1442 1623 1490 in
1654 1442 1921 1490 universum
1953 1443 2010 1489 de
2038 1442 2244 1493 moribus
2266 1442 2359 1491 dis·

378 1526 504 1583 serit,
536 1525 617 1572 sed
650 1525 715 1570 ita
745 1539 844 1570 rem
866 1523 1078 1580 instituit,
1111 1529 1163 1569 ut
1183 1523 1383 1585 primum
1407 1524 1464 1569 de
1486 1524 1758 1570 educatione
1781 1523 1921 1581 molli,
1953 1523 2117 1571 deinde
2141 1524 2198 1570 de
2219 1522 2360 1571 mori-

376 1607 465 1654 bus
488 1604 779 1670 peculiariter
812 1609 982 1666 ageret.
1048 1604 1112 1650 At
1150 1602 1230 1650 ubi
1267 1605 1293 1663 ξ
1319 1604 1361 1649 7.
1403 1602 1532 1651 dicit:
1569 1605 1721 1662 „Ante
1760 1602 1965 1667 palatum
2003 1620 2179 1662 eorum,
2221 1620 2360 1666 quam

376 1702 529 1734 mores
552 1683 861 1733 instituimus''
885 1685 1138 1731 secundam
1160 1683 1482 1747 disputationis
1504 1689 1683 1746 partem
1705 1699 2006 1746 aggressurus
2029 1684 2225 1731 videtur.
2269 1683 2361 1732 Sed

375 1774 559 1830 praeter
581 1764 974 1828 exspectationem
997 1765 1056 1810 ad
1078 1764 1399 1810 educationem
1420 1763 1605 1810 mollem
1626 1764 1769 1810 redit:
1806 1763 1890 1821 „In
1912 1763 2085 1811 lecticis
2118 1771 2359 1811 crescunt:

376 1847 415 1894 si
436 1854 610 1893 terram
631 1845 897 1907 attigerunt,
924 1860 948 1890 e
969 1844 1182 1891 manibus
1209 1843 1426 1905 utrinque
1449 1843 1775 1890 sustinentium
1796 1842 2042 1907 pendent.’'
2109 1842 2211 1900 Quo
2234 1844 2361 1891 facto

376 1929 434 1972 ad
457 1942 609 1972 mores
632 1925 893 1970 revertitur.
962 1924 1112 1981 Quare
1135 1939 1191 1968 ea
1212 1924 1474 1969 conditione
1497 1924 1671 1968 iustum
1701 1924 2033 1969 sententiarum
2056 1924 2264 1970 ordinem
2286 1940 2358 1971 re·

377 2009 591 2054 stitutum
615 2006 670 2051 iri
693 2005 916 2068 suspicor,
941 2005 980 2051 si
1003 2004 1294 2051 enuntiatum
1314 2004 1403 2050 hoc
1436 2003 1520 2060 „In
1550 2003 1724 2051 lecticis
1756 2012 1973 2050 crescunt
1994 2039 2006 2054 .
2027 2039 2038 2050 .
2059 2039 2070 2049 .
2091 2039 2102 2050 .
2122 2039 2133 2050 .
2154 2038 2165 2050 .
2186 2039 2197 2050 .
2218 2039 2229 2050 .
2250 2039 2261 2050 .
2282 2039 2293 2050 .
2346 2038 2358 2050 .

376 2086 623 2151 pendent,’'
648 2086 887 2131 enuntiato
911 2086 996 2129 illi:
1034 2084 1185 2141 „Quid
1206 2101 1301 2129 non
1326 2118 1561 2129 ........
1586 2085 1634 2129 in
1663 2085 1880 2147 purpuris
1907 2086 2028 2148 repit
2038 2085 2087 2130 ?”
2118 2086 2362 2148 anteponi·

374 2176 465 2214 tur.
531 2166 806 2214 Declaratur
835 2182 947 2211 vero
976 2166 1090 2210 haec
1123 2165 1455 2211 sententiarum
1485 2164 1697 2211 confusio
1730 2164 2042 2227 aliquatenus,
2074 2165 2113 2211 si
2142 2165 2358 2212 credibile

376 2260 459 2306 est,
499 2249 546 2297 in
586 2248 838 2310 archetypo
878 2247 1048 2292 codicis
1080 2247 1294 2292 Ambros.
1332 2248 1372 2291 1.
1412 2246 1503 2291 iam
1540 2246 1861 2292 confusionem
1897 2246 2098 2307 aliquam
2136 2246 2357 2304 extitisse,

377 2346 512 2390 quam
538 2329 694 2376 neseio
716 2344 775 2373 an
798 2328 966 2374 lacuna
986 2327 1033 2373 in
1056 2328 1215 2373 Ambr.
1244 2329 1285 2372 1.
1308 2343 1336 2372 a
1358 2328 1562 2373 secunda
1582 2343 1725 2373 manu
1746 2327 1931 2390 expleta
1952 2326 2138 2373 indicet.

566 2488 600 2534 Ι.
627 2490 672 2533 4.
703 2490 774 2533 12.
811 2486 993 2544 „Quare
1019 2486 1193 2534 ediscat
1214 2503 1343 2549 puer,
1368 2486 1480 2547 quid
1502 2487 1549 2533 in
1571 2486 1714 2533 literis
1739 2486 1799 2533 sit
1818 2486 2073 2549 proprium,
2097 2486 2209 2547 quid
2229 2502 2356 2534 com-

377 2585 529 2623 mune,
553 2584 671 2629 quae
693 2584 802 2613 cum
828 2567 995 2627 quibus
1018 2566 1253 2627 cognatim
1289 2583 1373 2612 nec
1399 2567 1605 2624 miretur,
1638 2583 1723 2612 cur
1753 2583 1813 2612 ex
1844 2579 2034 2612 scamno
2061 2565 2145 2611 fiat
2171 2566 2356 2615 Scabel-

376 2649 488 2705 lum,
518 2655 598 2694 aut
618 2665 646 2693 a
667 2647 812 2712 pinno
836 2647 984 2709 (quod
1006 2653 1077 2693 est
1098 2647 1307 2708 acutum)
1332 2645 1506 2693 securis
1529 2645 1746 2709 utrinque
1767 2646 1944 2693 habens
1967 2645 2111 2692 aciem
2131 2646 2356 2710 bipinnis:

377 2745 434 2776 ne
458 2729 638 2776 illorum
661 2735 883 2789 sequatur
906 2744 1124 2784 errorem,
1149 2727 1243 2788 qui,
1275 2727 1383 2788 quia
1404 2744 1432 2772 a
1452 2726 1605 2790 pinnis
1628 2728 1807 2773 duabus
1829 2727 1918 2773 hoc
1942 2742 2042 2773 esse
2065 2743 2233 2773 nomen
2258 2728 2355 2775 exi-

376 2809 579 2864 stimant,
602 2808 765 2870 pinnas
789 2808 945 2855 avium
967 2807 1058 2854 dici
1078 2806 1286 2854 volunt''.
1329 2807 1447 2869 (Ser.
1472 2807 1574 2853 cod.
1597 2808 1654 2853 A„
1682 2809 1723 2853 1.
1760 2806 1848 2853 nisi
1880 2806 2006 2867 quod
2033 2823 2117 2870 pro
2142 2806 2358 2864 „Scabel-

374 2887 498 2935 lum''
522 2895 658 2934 antea
681 2886 984 2944 „Scabillum”
1010 2888 1233 2951 scriptum
1256 2903 1356 2934 esse
1379 2887 1599 2947 videtur.)
