2766 3345
1267 27 1290 42 '
1381 25 1459 80 δῦ

430 159 789 221 subsequantur.
851 157 1028 217 Nullas,
1063 159 1151 206 nisi
1171 159 1368 221 liquidas
1389 159 1406 206 l
1426 166 1475 207 et
1495 176 1522 207 r
1538 160 1600 207 ab
1621 160 1646 207 f
1662 160 1813 224 &angi
1832 176 1971 225 posse
1991 167 2190 209 consta&
2207 198 2211 202 -
2226 160 2408 219 Quodsi

429 238 501 284 his
523 239 677 285 verbis
702 254 840 296 „cum
861 239 1216 285 consonantium
1237 238 1474 285 nulla-nisi
1495 238 1686 287 alteram
1713 240 1924 303 strangu&
1947 240 2363 298 Quintilianna‘lfet·
2378 242 2407 289 'r

426 317 624 378 liquidas
646 317 797 381 frangi
818 318 973 378 itaque
994 316 1089 363 vim
1109 317 1374 379 primariam
1396 318 1650 381 deperdere
1667 319 1854 376 indicat,
1868 321 2138 382 *eademque
2157 321 2302 367 verba
2316 336 2405 384 ’op-⁸

426 396 628 459 ponendi
664 394 759 441 vim
797 393 1058 450 exhibeant,
1093 395 1344 455 quaeritur,
1379 396 1693 443 enuntiatione
1714 398 2016 445 antecedente
2054 414 2244 462 quoque
2274 399 2407 447 notio

427 476 555 522 verbi
577 473 819 535 frangendi
840 474 1258 536 conprehendatur.
1326 474 1428 521 Hoc
1452 475 1715 537 negandum
1744 493 1839 523 non
1868 478 2067 535 videtur,
2101 479 2141 525 si
2169 479 2405 528 notionem'

427 552 726 617 „frangendi”
750 570 778 598 a
799 554 1098 615 grammatico
1121 554 1263 599 latino
1286 555 1492 600 eiusdem
1513 555 1580 601 rei
1601 556 1750 618 gratia
1780 557 2030 603 adhibitam
2058 559 2403 607 demonstrave-

422 637 579 681 rimus.
646 634 893 695 Agroetius
927 650 972 696 p.
998 636 1088 678 227
1095 635 1121 678 3
1157 634 1271 680 haec
1302 635 1433 680 dicit:
1470 635 1697 691 „Vocales
1727 618 1877 682 omnis
1904 637 2135 700 principes
2163 640 2314 697 vocis,
2358 648 2406 687 et

423 714 635 761 dominae
657 713 908 769 literarum,
944 728 1061 774 quae
1085 713 1206 758 sicut
1228 714 1444 760 universa
1465 715 1657 760 fortiora
1678 714 1949 761 naturaliter
1964 716 2162 773 faciunt,
2196 719 2405 767 subiecta

420 801 467 842 et
489 794 668 840 adiecta
690 793 775 839 sibi
796 800 1061 856 protegunt,
1096 794 1304 854 aequalia
1332 801 1486 840 autem
1518 802 1565 841 et
1593 794 1854 841 resistentia
1882 795 2072 842 elidunt.
2136 795 2255 843 Nam
2285 814 2401 860 quo-

419 875 557 920 modo
581 888 917 934 nonnunquam
939 873 1060 918 inter
1092 889 1141 918 se
1170 873 1440 919 commissae
1461 875 1743 935 fra‘nquntur
1770 881 1820 919 et
1849 875 2177 938 synaloepham
2208 876 2399 936 faciunt,

419 955 484 999 ita
505 959 815 999 consonantes
839 952 925 998 sibi
947 952 1143 998 creditas
1166 952 1488 998 conservant.”
1555 952 1843 1014 Quamquam
1865 953 2173 1010 Quintilianus
2196 954 2231 1001 I.
2258 959 2301 1001 5.
2323 960 2397 1004 17.

417 1032 560 1079 VHH.
585 1035 629 1077 4.
656 1033 731 1078 36.
769 1028 1078 1089 ,,σύναλοιφη’ν”
1102 1032 1454 1094 conplexionem
1476 1032 1713 1079 literarum
1733 1040 1885 1090 vocat,
1918 1039 2074 1079 tamen
2097 1034 2296 1081 dubitari
2317 1052 2397 1082 ne-

419 1114 541 1174 quit,
578 1112 690 1172 quin
720 1112 809 1157 hoc
842 1111 945 1157 loco
979 1111 1190 1167 „vocales
1223 1112 1396 1158 fractae
1427 1119 1474 1157 et
1502 1112 1829 1175 synaloepham
1860 1112 2109 1159 facientes’'
2141 1129 2244 1171 eas,
2279 1130 2397 1176 quae

418 1200 686 1252 „tamquam
724 1191 936 1251 aequales
977 1198 1023 1237 et
1060 1191 1327 1237 resistentes
1366 1191 1659 1248 elidiuntur”,
1710 1192 2103 1254 conprehendant.
2184 1192 2395 1255 Namque

416 1274 544 1320 elisio
570 1289 662 1318 non
684 1272 855 1317 vocalis
879 1272 1193 1317 excludendae
1214 1272 1308 1317 vim
1330 1273 1469 1318 habet
1492 1279 1545 1317 ut
1567 1271 1744 1319 Charis.
1767 1290 1813 1335 p.
1833 1275 1940 1318 249.
1964 1273 2114 1319 Diom.
2137 1291 2183 1336 p.
2202 1276 2293 1320 437
2320 1275 2388 1321 di·-

415 1360 543 1409 cunt,
579 1353 616 1399 si
645 1351 830 1413 quidem
858 1368 954 1398 vox
988 1350 1321 1408 „excludendi”
1350 1352 1443 1398 vim
1484 1351 1780 1409 „amittendi”
1812 1352 1965 1399 habet.
2031 1353 2280 1400 Videamus
2310 1370 2394 1418 po-

414 1434 522 1489 tius,
557 1432 738 1493 qualem
761 1431 1113 1493 explicationem
1134 1432 1195 1476 M.
1218 1431 1319 1476 Val.
1344 1431 1524 1477 Probus
1547 1432 1782 1477 exhibeat:
1816 1449 1861 1494 p.
1885 1434 2022 1478 1439.
2074 1433 2393 1497 „Synoloephe

415 1520 500 1569 est,
535 1528 640 1558 cum
663 1511 783 1557 inter
806 1511 897 1556 duo
919 1511 1061 1556 verba
1091 1511 1138 1556 in
1170 1527 1401 1557 concursu
1426 1512 1623 1557 duarum
1650 1511 1894 1568 vocalium,
1927 1512 2054 1558 nulla
2080 1512 2393 1560 intercedente

410 1598 710 1646 consonante,
746 1591 880 1636 unius
903 1590 956 1636 fit
977 1591 1147 1636 vocalis
1171 1590 1312 1646 elisio,
1347 1598 1419 1647 ut:
1456 1592 1639 1652 „Atque
1662 1607 1717 1637 ea
1748 1591 1930 1637 diversa
1959 1591 2187 1653 penitus.”
2251 1593 2393 1640 Fiunt

411 1680 567 1719 autem
589 1670 902 1734 Synaloephae
924 1670 995 1716 his
1026 1670 1194 1716 modis:
1231 1669 1497 1727 „Interdum
1536 1670 1657 1716 enim
1694 1670 1847 1716 brevis
1885 1670 1932 1716 in
1961 1670 2149 1717 brevem
2179 1672 2302 1718 cadit
2338 1679 2393 1719 ut

412 1751 531 1801 etc.”
596 1751 697 1799 Hoc
727 1750 829 1797 loco
861 1749 988 1796 elisio
1010 1750 1181 1797 vocalis
1211 1766 1318 1797 cum
1346 1750 1496 1797 vocali
1525 1750 1876 1814 conplexionem
1907 1749 2147 1812 significat.
2212 1750 2391 1800 Deinde

410 1832 738 1888 animadverte,
775 1830 886 1892 quid
909 1831 966 1876 de
997 1830 1208 1894 ecthlipsi
1230 1829 1410 1877 Probus
1441 1848 1486 1894 p.
1510 1832 1632 1877 1440
1662 1836 1709 1877 et
1737 1829 1892 1887 Quint.
1918 1829 2061 1877 VIIII.
2080 1832 2124 1876 4.
2144 1833 2206 1877 40
2234 1832 2388 1895 profe·-

410 1921 529 1961 rant.
596 1912 697 1959 Val.
721 1912 798 1958 Pr.
822 1911 851 1957 l.
875 1911 904 1956 l.
932 1911 1207 1974 „Ecthlipsis
1232 1918 1317 1968 est,
1352 1927 1458 1958 cum
1480 1911 1600 1958 inter
1622 1928 1671 1957 se
1700 1927 1861 1974 aspere
1891 1911 2267 1959 concurrentium
2296 1913 2387 1975 syl-

409 1995 633 2048 labarum,
667 1992 977 2038 intercedente
1002 1990 1099 2036 sola
1119 2008 1165 2036 m
1185 1991 1317 2038 litera
1340 1998 1637 2047 consonante,
1671 1998 1718 2038 et
1738 1991 1945 2038 vocalem
1968 1997 2015 2037 et
2042 1999 2388 2050 consonantem,

410 2091 549 2136 quam
572 2072 787 2127 diximus,
822 2071 927 2117 elidi
950 2086 1137 2117 necesse
1161 2078 1245 2127 est,
1280 2078 1354 2116 ut:
1390 2071 1618 2127 „Multum
1639 2071 1712 2117 ille
1736 2078 1783 2117 et
1812 2071 1948 2117 terris
1971 2069 2087 2117 etc.”
2122 2070 2277 2127 Quint.
2300 2072 2330 2118 l.
2353 2072 2385 2118 l.

409 2154 584 2215 „Atqui
612 2154 771 2198 eadem
802 2152 878 2197 illa
908 2152 1039 2196 litera
1071 2153 1156 2212 (sc.
1187 2153 1254 2212 m)
1289 2153 1501 2212 quotiens
1531 2152 1691 2196 ultima
1718 2158 1811 2208 est,
1846 2159 1892 2196 et
1921 2151 2128 2197 vocalem
2154 2152 2285 2198 verbi
2313 2169 2384 2197 se-

407 2235 590 2296 quentis
614 2234 678 2277 ita
700 2232 939 2292 contingit,
977 2238 1028 2275 ut
1049 2232 1096 2275 in
1120 2247 1221 2276 eam
1243 2232 1439 2276 transire
1462 2232 1621 2294 possit,
1657 2231 1834 2276 etiamsi
1857 2231 2086 2286 scribitur,
2120 2239 2274 2276 tamen
2301 2247 2383 2293 pa·

405 2331 509 2360 rum
534 2312 827 2376 exprimitur,
863 2318 935 2355 ut:
972 2310 1198 2367 „Multum
1229 2311 1303 2356 ille
1332 2310 1405 2356 et'’
1430 2310 1694 2367 „Quantum
1726 2310 1868 2356 erat.”
1901 2312 2016 2356 adeo
2046 2317 2099 2355 ut
2127 2325 2273 2373 paene
2303 2311 2383 2356 cu-

406 2395 586 2439 iusdam
616 2408 763 2438 novae
786 2392 943 2436 literae
968 2407 1133 2435 sonum
1154 2392 1330 2436 reddat.
1396 2390 1556 2453 Neque
1580 2391 1702 2436 enim
1725 2391 1956 2448 eximitur,
1991 2391 2073 2435 sed
2095 2391 2382 2448 obscuratur,

406 2481 450 2521 et
471 2481 654 2520 tantum
676 2473 829 2533 aliqua
850 2472 970 2517 inter
993 2472 1107 2516 duas
1130 2471 1312 2517 vocales
1333 2471 1462 2518 velut
1484 2477 1594 2517 nota
1620 2477 1705 2528 est,
1739 2487 1796 2517 ne
1826 2471 1953 2534 ipsae
1983 2469 2189 2516 coeant.''
2254 2470 2383 2518 Haec

403 2555 587 2615 quidem
607 2551 882 2607 testimonia,
902 2551 1079 2597 etiamsi
1101 2566 1160 2596 ex
1182 2551 1388 2597 diversae
1406 2551 1566 2597 aetatis
1585 2551 1884 2614 scriptoribus
1907 2549 2050 2613 petita
2067 2556 2189 2607 sunt,
2206 2550 2378 2597 idcirco

403 2634 560 2680 ordine
598 2632 799 2679 indicato
839 2631 954 2677 bene
991 2646 1091 2677 sese
1130 2629 1368 2693 excipiunt
1406 2629 1530 2691 quod
1560 2630 1769 2677 notiones
1810 2628 2116 2693 „synaloephe
2146 2635 2193 2676 et
2223 2628 2378 2676 elisio’'

402 2714 480 2761 illo
502 2714 639 2760 modo
663 2711 916 2775 explicatae
938 2711 1132 2757 eandem
1157 2727 1376 2757 sonorum
1397 2710 1623 2758 rationem
1645 2709 2138 2773 grammaticorumque
2169 2726 2378 2757 normam

402 2799 779 2841 commonstrant.
845 2791 1007 2852 Itaque
1030 2792 1147 2837 duae
1175 2791 1357 2837 vocales
1387 2790 1433 2836 in
1467 2807 1516 2836 se
1547 2791 1670 2855 ipsas
1700 2797 1920 2837 coeuntes
1951 2790 2124 2836 fractae
2154 2790 2244 2836 dici
2269 2806 2377 2854 pos-

401 2881 525 2923 sunt.
592 2873 682 2920 Sed
714 2889 807 2935 quo
827 2873 993 2936 pacto?
1029 2878 1186 2918 utrum
1218 2871 1392 2919 utravis
1434 2887 1534 2919 sese
1572 2871 1720 2935 ipsam
1757 2870 1956 2933 frangit?
1990 2887 2050 2918 an
2086 2886 2197 2918 vero
2236 2870 2380 2919 altera
