2766 3345
361 199 512 241 -mus3
546 183 769 245 quasdam
788 181 916 227 velut
946 179 1144 226 acriores
1169 195 1335 243 parum
1364 178 1587 226 efficimus
1620 185 1667 225 et
1692 179 1789 225 aliis
1820 195 1914 225 non
1945 179 2235 226 dissimilibus
2265 181 2346 226 sed

386 264 518 328 quasi
537 261 846 310 hebetioribus
868 267 1195 324 permutamus.
1261 259 1438 324 Quippe
1462 296 1473 307 .
1493 260 1504 306 ζ
1525 296 1536 306 .
1558 295 1568 306 .
1590 295 1600 305 .
1621 295 1632 305 .
1656 276 1762 306 cum
1791 275 1816 306 c
1848 295 2017 305 ......
2043 277 2135 306 non
2163 260 2342 307 evalue-

384 350 508 401 runt,
541 343 589 388 in
610 349 633 387 t
654 374 823 387 ......
843 339 1137 386 molliuntur’'
1178 341 1286 402 (scr.
1310 342 1411 387 cod.
1434 342 1478 387 A
1503 341 1550 401 1)
1571 340 1620 385 in
1643 355 1719 385 eas
1742 346 1922 385 tantum
1943 355 2017 385 res
2052 341 2199 396 cadat,
2231 356 2344 402 quas

383 422 673 487 Spaldingius
704 422 763 467 ad
789 421 915 467 hunc
943 420 1098 467 locum
1127 426 1175 466 et
1195 419 1498 467 Schneiderus
1520 420 1905 466 Elementarlehre
1935 421 2016 465 der
2045 420 2122 465 lat.
2146 420 2345 483 Sprache

383 503 437 550 T.
461 505 501 548 1.
524 518 570 566 p.
590 503 678 547 241
707 507 1080 557 commemorant,
1112 500 1285 546 scilicet
1305 500 1708 547 commutationem
1729 501 1981 546 formarum
2003 515 2161 546 curam
2193 508 2240 547 et
2269 508 2342 547 tu-

382 599 482 628 ram
505 582 769 645 (infantium
799 597 941 638 more,
976 597 1174 642 quorum
1203 581 1374 626 nullam
1402 581 1683 626 mentionem
1713 581 1823 626 fecit
1853 581 2067 643 scriptor)
2099 582 2342 644 sarcopha-

385 678 471 726 gus
510 670 557 710 et
594 662 895 726 sartophagus
927 660 1060 708 Grut.
1098 678 1143 725 p.
1165 663 1270 707 589.
1309 678 1378 707 nr.
1399 664 1441 707 7.
1480 661 1619 708 vitxit
1654 678 1738 724 pro
1776 661 1893 707 vixit
1930 668 2010 706 aut
2045 661 2187 707 vicxit
2208 661 2340 708 Grut.

385 760 430 806 p.
454 746 589 789 1059.
613 760 682 789 nr.
703 746 745 788 5.
786 742 969 789 Basculi
989 742 1123 787 Varr.
1146 741 1201 787 R.
1224 741 1278 787 R.
1301 741 1356 787 Π.
1384 745 1456 787 10.
1482 744 1526 786 4.
1559 741 1736 787 Bastuli
1767 742 1889 803 apud
1912 740 2109 786 Plinium
2140 749 2185 787 et
2205 742 2340 788 Pom-

380 823 569 885 ponium
589 822 767 878 Melam,
800 821 1046 878 Vectones,
1079 821 1301 867 Vettones
1326 819 1621 882 aliarumque,
1656 837 1715 865 an
1737 820 1783 865 in
1807 821 2123 879 confusionem
2157 837 2339 882 quoque

382 903 633 949 formarum
654 902 696 948 ci
717 908 764 948 et
790 901 827 947 ti
856 901 904 947 in
934 900 1168 947 vocabulis
1199 917 1340 963 supra
1369 901 1529 947 adlatis
1562 900 1887 960 similibusque.
1954 899 2128 957 Quodsi
2159 902 2338 948 sibilum

381 982 521 1038 illum,
556 998 693 1042 quem
715 981 969 1027 Corssenus
1000 975 1173 1037 statuit,
1208 981 1386 1025 duobus
1416 981 1644 1043 prioribus
1675 988 1780 1042 post
1803 980 1909 1025 Chr.
1943 988 2035 1025 nat.
2067 982 2258 1026 saeculis
2291 983 2337 1026 in

382 1061 710 1108 dubitationem
731 1077 895 1107 vocare
917 1061 1083 1117 licebit,
1117 1060 1251 1106 aliam
1274 1062 1608 1121 quodammodo
1625 1060 1827 1106 indicare
1843 1061 1964 1105 viam
1981 1062 2196 1122 proderit,
2232 1078 2336 1122 qua,

383 1148 435 1186 ut
464 1147 592 1203 puto,
626 1141 782 1186 sibilus
811 1141 1019 1185 facillime
1049 1140 1218 1185 exoriri
1239 1141 1404 1203 potuit.
1470 1140 1681 1185 Dubitari
1710 1140 1831 1184 enim
1860 1141 2033 1200 nequit,
2068 1141 2178 1200 quin
2201 1140 2335 1186 Cors-

380 1237 518 1267 senus
540 1227 663 1266 recte
686 1220 895 1266 iudicarit
916 1221 971 1266 de
1000 1220 1015 1265 i
1046 1220 1340 1266 consonantis
1370 1236 1498 1275 son0,
1533 1236 1670 1280 quem
1698 1227 1956 1282 postremae
1987 1221 2147 1265 aetatis
2179 1221 2336 1266 inscri-

378 1301 560 1364 ptiones
583 1307 708 1345 certo
731 1307 1091 1345 commonstrant
1120 1300 1168 1345 in
1192 1302 1211 1361 j
1244 1300 1631 1361 Francogallicam
1664 1307 1710 1345 et
1742 1300 1787 1344 in
1812 1302 1831 1361 j
1867 1299 2071 1345 Italicam
2101 1301 2335 1364 pinguefa-

381 1389 523 1438 ctum,
558 1397 757 1442 quocum
779 1381 1034 1427 consentire
1062 1381 1276 1426 videntur
1305 1380 1449 1426 Prisc.
1487 1382 1629 1426 verba
1661 1398 1705 1444 p.
1728 1384 1819 1426 544
1854 1383 1924 1426 ed.
1949 1381 2000 1426 P.
2031 1382 2150 1426 infra
2172 1383 2334 1427 adlata.

380 1461 532 1518 Quare
554 1462 593 1506 si
613 1462 710 1506 iure
732 1461 851 1506 inter
871 1461 887 1506 i
909 1468 1234 1506 consonantem
1251 1461 1524 1506 Terentiana
1546 1471 1592 1505 et
1613 1461 1732 1506 inter
1751 1463 1943 1506 eandem
1965 1462 2337 1523 iFrancogallica

377 1541 719 1605 pronuntiatam
748 1541 922 1586 ratione
960 1540 1202 1586 transitum
1238 1541 1377 1586 fuisse
1415 1541 1741 1597 existimamus,
1775 1542 1897 1586 hunc
1929 1542 2012 1602 jod
2040 1541 2335 1589 Germanicae

382 1627 609 1684 potestate
638 1621 870 1683 expletum
897 1620 1060 1676 fuisse,
1094 1636 1122 1664 a
1147 1620 1534 1666 verisimilitudine
1564 1636 1658 1665 non
1691 1621 1935 1666 abhorrere
1968 1622 2171 1683 adparet.
2238 1622 2336 1679 Qua

379 1701 563 1762 quidem
585 1701 684 1745 soni
706 1700 1056 1745 commutatione
1079 1706 1249 1745 statuta
1268 1700 1394 1745 vocis
1418 1700 1614 1760 quadam
1644 1700 1976 1762 interruptione
2006 1718 2122 1763 opus
2152 1710 2263 1758 erat,
2297 1704 2334 1748 si

377 1787 621 1844 postquam
645 1780 732 1836 „io‚
766 1779 822 1836 ia,
856 1778 911 1836 ie,
944 1779 989 1835 ii,
1022 1777 1097 1824 iu”
1127 1794 1220 1824 non
1248 1779 1437 1839 antiquo
1465 1795 1607 1836 more,
1642 1796 1669 1824 a
1699 1780 1974 1825 Terentiano
2004 1781 2218 1838 indicato,
2253 1785 2332 1828 sed

376 1859 646 1907 Germanico
674 1860 831 1915 modo,
867 1861 956 1919 ,‚jo,
984 1861 1048 1919 ja,
1076 1860 1147 1919 je,
1175 1858 1236 1919 ji,
1263 1857 1346 1919 ju”
1381 1860 1812 1921 pronuntiabantur,
1845 1868 1866 1904 t
1894 1861 1968 1905 vel
1997 1876 2022 1906 c
2059 1864 2330 1909 antecedens

372 1957 465 1986 non
487 1940 533 1985 in
556 1956 580 1985 z
601 1939 757 1985 literae
779 1939 1113 1985 similitudinem
1134 1938 1534 1984 contaminaretur.
1569 1939 1700 1985 Hanc
1717 1956 1827 1986 vero
1846 1941 1947 1985 soni
1964 1942 2332 2003 depravationem

369 2018 632 2076 Quintiliani
651 2025 855 2081 tempore
873 2019 1076 2063 nondum
1089 2018 1334 2079 legitimam
1350 2019 1490 2064 fuisse
1508 2034 1562 2064 eo
1580 2019 1773 2064 fortasse
1790 2020 1933 2080 magis
1950 2021 2185 2082 probatur,
2208 2025 2332 2082 quod

375 2100 498 2161 apud
519 2098 639 2144 Plut.
662 2096 797 2144 Num.
822 2097 872 2144 C.
895 2100 949 2143 12
978 2093 1169 2155 φιτιάλιοι
1190 2098 1354 2159 legitur
1382 2098 1441 2143 cf.
1467 2097 1620 2144 Corss.
1650 2099 1679 2143 l.
1703 2099 1732 2144 l.
1766 2117 1811 2161 p.
1833 2102 1890 2144 23
1931 2108 2166 2162 praeterea
2185 2120 2230 2164 p.
2254 2105 2327 2148 19.

376 2181 451 2225 21.
476 2181 550 2224 22.
615 2178 825 2239 Denique
847 2194 939 2223 non
962 2178 1119 2224 inutile
1148 2178 1247 2234 erit,
1280 2177 1502 2224 Prisciani
1532 2196 1577 2241 p.
1602 2182 1694 2224 544
1722 2180 1792 2225 ed.
1827 2179 1878 2225 P.
1910 2181 2221 2227 testimonium
2248 2184 2329 2229 ad-

372 2259 506 2305 ferre.
575 2259 829 2314 „Videntur
849 2265 1002 2303 tamen
1024 2258 1039 2303 i
1061 2265 1107 2303 et
1130 2274 1174 2313 u,
1209 2273 1313 2303 cum
1334 2258 1381 2303 in
1404 2266 1711 2304 consonantes
1733 2266 1987 2315 transeunt,
2023 2269 2247 2321 quantum
2270 2264 2329 2308 ad

371 2345 659 2402 potestatem,
694 2339 817 2399 quod
837 2337 1032 2382 maxime
1056 2344 1126 2383 est
1146 2338 1193 2382 in
1215 2338 1464 2394 elementis,
1498 2338 1610 2383 aliae
1640 2339 1797 2384 literae
1827 2356 1926 2384 esse
1955 2348 2136 2402 praeter
2166 2358 2328 2405 supra-

373 2418 532 2464 dictas.
597 2417 791 2463 Multum
827 2417 947 2463 enim
985 2417 1197 2474 interest,
1232 2424 1386 2462 utrum
1423 2417 1603 2463 vocales
1642 2418 1733 2463 sint
1759 2436 1819 2463 an
1848 2427 2175 2477 consonantes3
2210 2423 2332 2469 sicut

370 2498 506 2554 enim,
541 2499 747 2558 quamvis
777 2498 823 2542 in
856 2497 982 2543 varia
1002 2497 1149 2558 figura
1171 2504 1218 2542 et
1236 2497 1363 2543 vario
1385 2497 1567 2542 nomine
1602 2498 1693 2543 sint
1721 2498 1752 2542 k
1775 2506 1820 2543 et
1844 2515 1873 2559 q
1896 2506 1942 2543 et
1963 2515 2002 2555 c,
2037 2508 2190 2546 tamen
2223 2504 2332 2563 quia

370 2594 510 2624 unam
530 2578 623 2624 vim
643 2578 814 2623 habent
833 2584 927 2623 tam
949 2577 996 2622 in
1033 2584 1179 2623 metro
1214 2593 1350 2638 quam
1372 2577 1419 2622 in
1443 2593 1570 2633 son0,
1604 2594 1688 2640 pro
1713 2594 1804 2623 una
1822 2579 1953 2624 litera
1975 2580 2120 2643 accipi
2144 2583 2328 2641 debent,

369 2658 434 2704 sic
471 2658 488 2703 i
515 2664 563 2703 et
600 2674 645 2713 u,
681 2658 886 2718 quamvis
917 2673 1060 2702 unum
1097 2673 1263 2702 nomen
1296 2664 1342 2702 et
1380 2673 1518 2702 unam
1552 2657 1751 2702 habeant
1786 2658 1981 2719 figuram
2012 2667 2109 2705 tam
2146 2664 2329 2710 vocales

368 2753 507 2799 quam
537 2744 856 2794 consonantes,
889 2744 1041 2782 tamen
1065 2736 1171 2797 quia
1193 2736 1422 2782 diversum
1444 2753 1608 2782 sonum
1630 2743 1676 2782 et
1706 2738 1931 2783 diversam
1959 2739 2053 2785 vim
2081 2741 2253 2788 habent
2283 2744 2329 2789 in

365 2816 523 2863 metris
552 2823 600 2862 et
626 2816 673 2862 in
704 2817 1074 2879 pronuntiatione
1107 2816 1395 2879 syllabarum,
1429 2833 1522 2861 non
1555 2823 1663 2861 sunt
1698 2817 1746 2861 in
1786 2818 1969 2875 eisdem,
2003 2837 2107 2865 meo
2146 2822 2327 2881 iudicio,

365 2897 599 2943 elementis
622 2897 936 2960 accipiendae:
971 2896 1177 2958 quamvis
1207 2903 1254 2942 et
1275 2895 1543 2954 Censorino,
1577 2897 1840 2944 doctissimo
1868 2899 1978 2945 artis
2008 2904 2328 2962 grammaticae

1908 2979 1951 3025 D
