2766 3345
373 155 495 203 idem
532 156 748 220 placuit.”
814 156 1023 205 Observa.
1058 157 1201 214 enim,
1241 148 1439 219 quaeso,
1473 149 1648 220 quanta
1683 173 1790 206 cum
1828 157 2052 207 modestia
2078 156 2342 208 Priscianus

375 252 514 282 suum
534 238 591 283 de
612 237 628 283 i
650 238 945 287 consonantis
966 243 1194 302 potestate
1216 236 1436 284 iudicium
1455 238 1676 302 proferat,
1708 238 1922 287 videlicet
1957 238 2038 286 ubi
2074 253 2217 286 sonus
2247 237 2342 302 pri-

375 331 483 364 scus
506 318 565 364 ad
586 323 792 363 nostram
813 323 860 363 et
880 322 981 363 tum
1002 317 1061 364 ad
1080 316 1488 379 Francogallorum
1518 317 1717 380 denique
1745 319 1805 367 ad
1824 317 2046 368 Italorum
2062 317 2248 368 dicendi
2267 333 2341 366 ra-

372 397 544 444 tionem
583 396 726 458 magis
748 396 985 458 magisque
1014 397 1324 443 condensatus
1353 402 1476 453 erat,
1510 398 1771 446 necessario
1802 398 2207 460 grammaticorum
2237 414 2343 447 sen·

372 476 561 542 tentiam
583 475 640 522 ab
662 490 836 532 eorum,
870 473 951 536 qui
972 480 1328 532 antecesserant,
1361 474 1582 524 dissidere
1603 476 1822 539 oportuit.
1886 476 1962 525 Ex
1982 494 2212 527 consensu
2232 493 2344 526 vero

374 554 626 611 Censorini,
660 554 791 602 cuius
815 560 941 602 aetas
964 554 1010 601 in
1042 554 1244 617 priorem
1271 554 1443 602 saeculi
1467 555 1593 603 tertii
1623 562 1803 619 partem
1829 563 1937 619 post
1958 555 2066 605 Chr.
2098 565 2194 606 nat.
2223 558 2342 606 refe-

371 635 514 682 renda
540 640 625 691 est,
659 650 766 681 cum
797 633 1033 681 Prisciano
1048 670 1059 691 ,
1092 633 1204 681 mihi
1232 633 1386 695 aliqua
1421 641 1635 682 movetur
1673 635 1912 693 dubitatio,
1946 654 2005 684 an
2039 644 2164 684 recte
2191 636 2340 685 Lach-

370 732 565 762 mannus
588 733 616 761 a
636 714 911 762 Ruhnkenio
941 715 1206 778 discrepans
1230 714 1493 762 Terentiani
1521 714 1672 762 Mauri
1701 722 1898 763 aetatem
1924 717 1972 763 in
2001 717 2141 764 finem
2171 718 2343 764 saeculi

368 795 492 842 tertii
512 802 620 858 post
643 794 750 842 Chr.
782 801 877 841 nat.
908 794 1150 842 rettulerit.
1178 823 1243 831 —
1271 794 1294 841 I
1320 794 1461 857 igitur
1489 795 1801 853 consonantis,
1836 813 1954 858 quae
1984 796 2165 854 dicitur,
2199 814 2342 846 sonus

370 876 448 922 ubi
468 876 534 922 ita
555 876 833 922 constitutus
856 883 970 932 erat,
1005 883 1058 922 ut
1077 876 1124 922 vi
1143 883 1325 922 tantum
1346 876 1641 932 condensata,
1674 894 1768 922 non
1789 894 1903 923 vero
1936 884 2104 923 natura
2125 878 2184 923 ab
2212 878 2230 923 i
2258 895 2341 924 vo·

302 986 305 988 »
369 956 479 1003 calis
502 973 618 1001 sono
641 955 924 1011 abhorreret,
959 973 1051 1001 non
1074 955 1333 1001 mirandum
1354 955 1552 1012 videtur,
1586 957 1712 1016 quod
1733 973 1883 1017 neque
1905 956 2227 1013 Quintilianus,
2260 973 2340 1004 ne-

370 1052 459 1096 que
483 1035 802 1091 Terentianus,
837 1035 923 1081 etsi
943 1042 1015 1081 ter
1038 1042 1230 1095 uterque
1254 1036 1310 1081 de
1333 1052 1364 1079 u
1388 1036 1686 1082 consonantis
1709 1052 1824 1082 sono
1845 1043 2080 1097 tamquam
2107 1037 2165 1083 ab
2197 1053 2229 1082 u
2257 1053 2340 1083 vo-

369 1115 466 1161 cale
498 1115 680 1161 diverso
714 1116 856 1161 verba
884 1115 1016 1171 facit,
1051 1130 1280 1175 nusquam
1308 1114 1324 1159 i
1353 1115 1649 1161 consonantis
1680 1131 1845 1162 sonum
1873 1132 2035 1162 revera
2065 1131 2341 1162 conversum

369 1195 511 1241 fuisse
542 1201 914 1241 commemorant.
980 1194 1226 1240 Praeterea
1254 1194 1318 1240 ita
1345 1195 1530 1240 demum
1558 1194 1776 1242 Claudius
1807 1194 1976 1242 Caesar
2005 1195 2341 1259 vituperatione

368 1276 564 1330 carebit,
600 1275 679 1335 qui
709 1288 988 1335 quamquam
1022 1291 1053 1319 u
1082 1281 1414 1320 consonantem
1443 1274 1647 1336 aliosque
1677 1290 1815 1320 sonos
1842 1276 2029 1339 propria
2055 1276 2189 1321 litera
2222 1275 2340 1321 indi-

368 1371 476 1416 gere
506 1355 744 1409 sentiebat,
778 1354 793 1399 i
832 1361 1124 1400 consonantis
1164 1354 1316 1400 officio
1353 1354 1622 1414 fungentem
1661 1371 1851 1417 prorsus
1889 1355 2105 1417 neglexit.
2171 1354 2341 1412 Quidni

368 1435 507 1496 igitur
527 1435 628 1479 loco
654 1451 794 1497 supra
816 1435 1015 1480 indicato
1040 1434 1239 1480 scribere
1260 1434 1410 1496 potuit
1430 1434 1624 1480 Fabius:
1662 1435 1802 1495 „quia
1829 1435 1934 1492 iam,
1968 1435 2089 1481 sicut·
2109 1436 2337 1492 scribitur,

368 1522 415 1561 et
435 1530 519 1561 vos
544 1522 594 1560 ut
616 1530 705 1577 gos
728 1514 904 1560 sonat.''
970 1514 1071 1560 Hoc
1093 1515 1231 1560 modo
1255 1529 1379 1560 nunc
1403 1515 1652 1561 sententias
1680 1515 1872 1561 facimus
1903 1529 2003 1562 sese
2034 1515 2338 1579 excipientes:

369 1595 682 1658 „grammatici
704 1601 775 1641 est
795 1595 966 1652 videre,
1000 1612 1059 1641 an
1091 1594 1267 1655 aliquas
1298 1593 1480 1641 vocales
1512 1611 1622 1641 usus
1645 1611 1730 1656 pro
1760 1594 2120 1642 consonantibus
2150 1611 2337 1658 accepe-

367 1673 471 1731 rit,’'
505 1674 606 1721 ideo
628 1690 721 1721 non
744 1674 855 1721 dicit
893 1691 983 1731 „an
1013 1690 1124 1721 usus
1148 1673 1323 1735 aliquas
1362 1673 1545 1720 vocales
1580 1673 1627 1720 in
1666 1681 1975 1721 consonantes
2016 1673 2338 1734 converteriffl,

368 1755 476 1817 quia
497 1755 544 1801 in
566 1755 799 1801 vocabulis
822 1754 913 1801 iam
935 1760 982 1801 et
1001 1770 1089 1810 vos,
1126 1769 1243 1815 quae
1266 1753 1411 1800 instar
1438 1753 1642 1800 omnium
1663 1753 1862 1818 exempli
1882 1754 2029 1817 gratia
2051 1754 2338 1813 adferuntur,

366 1852 461 1882 non
485 1834 707 1881 eiusmodi
729 1835 830 1881 soni
851 1834 1115 1890 audiuntur,
1150 1833 1230 1895 qui
1258 1850 1420 1880 revera
1451 1831 1805 1880 consonantium
1833 1842 2044 1881 naturam
2074 1835 2337 1882 exhibeant.

364 1914 526 1977 Neque
550 1931 660 1962 vero
683 1915 888 1972 eandem,
923 1932 1063 1976 quam
1084 1914 1265 1962 vocales
1295 1914 1606 1961 conditionem
1637 1915 1851 1972 subeunt,
1886 1915 2054 1978 quippe
2083 1931 2201 1976 quae
2232 1930 2339 1964 cum

364 1996 602 2044 vocalibus
626 1997 922 2057 sequentibus
944 1997 991 2041 in
1016 2012 1160 2041 unum
1191 2012 1357 2041 sonum
1386 1995 1660 2051 coalescant,
1695 2002 1747 2041 ut
1774 2012 1886 2041 mox
1914 1996 2189 2053 videbimus3
2223 1996 2339 2043 haec

366 2093 439 2123 res
462 2076 509 2122 in
532 2076 767 2122 vocabulis
790 2075 880 2122 iam
903 2083 950 2122 et
980 2092 1054 2122 vos
1087 2092 1219 2122 secus
1250 2091 1349 2121 sese
1381 2075 1533 2121 habet.
1599 2074 1805 2122 Verbum
1838 2074 2030 2132 „sonat”
2070 2076 2229 2122 eadem
2261 2093 2336 2123 ra-

364 2157 490 2202 tione
522 2157 702 2202 duobus
735 2156 832 2201 aliis
861 2156 973 2201 locis
1004 2173 1032 2201 a
1053 2155 1331 2212 Quintiliano
1360 2155 1602 2200 adhibetur
1628 2154 1663 2200 I.
1685 2157 1727 2200 7.
1748 2157 1823 2200 29.
1867 2154 1992 2211 „Nec
2021 2155 2207 2202 Gnaeus
2235 2171 2337 2202 eam

365 2237 543 2283 literam
563 2237 610 2282 in
638 2236 947 2299 praenominis
978 2244 1089 2282 nota
1117 2235 1307 2298 accipit,
1341 2251 1459 2296 quae
1490 2233 1644 2281 sonat”
1679 2238 1719 2282 1.
1741 2238 1783 2281 7.
1804 2237 1863 2281 30
1915 2235 2042 2297 „Ego
2082 2236 2191 2297 (nisi
2213 2236 2338 2296 quod

366 2318 652 2363 consuetudo
691 2316 959 2377 obtinuerit)
1007 2317 1072 2362 sic
1109 2316 1386 2362 scribendum
1425 2315 1627 2376 quidque
1672 2315 1847 2372 iudico,
1898 2316 2128 2377 quomodo
2166 2314 2337 2362 sonat.”

365 2397 597 2444 Particula
619 2395 771 2454 „tam”
795 2413 823 2442 a
845 2396 985 2442 sciolo
1020 2397 1204 2443 librario
1234 2396 1494 2458 excogitata
1524 2411 1623 2442 esse
1651 2401 1819 2459 potest,
1853 2395 1933 2457 qui
1960 2402 2205 2458 postquam
2232 2411 2336 2443 ver-

366 2478 475 2524 bum
504 2477 687 2524 finitum
720 2475 927 2534 ‚,sonat’',
969 2478 1027 2524 ob
1043 2493 1135 2541 L,los
1162 2492 1418 2540 pronomen
1447 2476 1495 2523 in
1524 2492 1596 2523 eos
1627 2482 1982 2532 commutatum,
2016 2492 2107 2522 non
2142 2476 2340 2540 amphus

366 2558 578 2620 repperit,
613 2557 886 2604 sententiam
915 2572 1125 2604 mancam
1154 2572 1210 2603 ea
1236 2556 1540 2620 explicatione
1573 2556 1809 2619 supplerit,
1843 2570 1961 2617 quae
1991 2561 2172 2603 tantum
2194 2555 2336 2603 simil·

363 2637 472 2683 lima
490 2636 512 2683 I
536 2643 582 2683 et
604 2637 642 2684 T
663 2636 899 2684 literarum
921 2637 1070 2683 forma
1091 2637 1328 2683 niteretur.

553 2796 589 2843 I.
608 2800 652 2844 4.
676 2801 747 2843 10.
784 2798 877 2853 „At
905 2814 1022 2857 quae
1059 2804 1111 2842 ut
1141 2797 1324 2843 vocales
1352 2797 1609 2858 iunguntur
1647 2803 1728 2841 aut
1767 2812 1904 2841 unam
1934 2795 2117 2858 longam
2144 2795 2336 2853 faciunt,

363 2885 414 2924 ut
451 2884 630 2923 veteres
669 2878 966 2942 scripserunt,
1000 2878 1080 2939 qui
1103 2877 1407 2940 geminatione
1446 2892 1605 2923 earum
1640 2876 1769 2922 velut
1806 2876 1933 2939 apice
1957 2877 2219 2935 utebantur,
2253 2883 2337 2925 aut
