2766 3345
560 167 607 213 ,7.
628 167 677 227 1)
699 163 901 228 quaesit
921 160 1098 209 dicendi
1113 161 1272 223 regula

559 247 612 316 4)
633 244 836 293 secunda«
849 242 1050 306 syllabae
1114 290 1116 292 ,
1192 251 1195 255 ’
1240 275 1242 277 -

560 327 611 386 6)
629 324 860 371 videretur
953 331 957 336 '

579 445 581 449 Α
636 408 686 450 et
707 400 878 449 cottidie
899 417 994 449 non
1017 400 1203 449 cotidie‘

536 483 615 543 15)
637 482 738 529 furi
754 481 941 529 iusseris
972 512 992 545 3

534 562 613 623 16)
638 568 821 610 utemur
838 560 1018 624 qemina

530 643 612 703 21)
637 640 849 692 Caesaris,
867 640 1164 688 v‘mtmctione

518 723 613 783 25)
635 729 880 784 ceteraque
901 720 952 769 in
972 722 1170 769 eundem
1190 721 1380 768 modum

494 847 498 850 ,
555 805 598 848 8.
620 804 669 863 5)
693 802 935 849 ειὼωᾚίατο
956 801 1083 849 heroi
1100 801 1315 848 carminis

531 885 609 943 15)
634 883 768 931 Circa
788 883 1062 944 glossemata
1082 882 1205 931 enim
1220 882 1269 926 id
1290 888 1362 936 est

522 964 609 1024 '18)
633 963 718 1009 His
741 962 920 1009 accedit
940 962 1169 1008 enarratio

553 1045 596 1089 9.
617 1044 666 1104 6)
688 1043 819 1091 latini
838 1042 1029 1089 rhetores

528 1126 601 1169 10.
623 1124 670 1185 1)
694 1132 821 1185 quem
843 1123 996 1185 graeci
1641 1170 1643 1172 .

550 1204 600 1264 2)
625 1203 736 1250 solet
753 1219 815 1250 an
834 1203 928 1252 sint
947 1202 1054 1249 huic
1077 1202 1205 1265 operi
1226 1201 1510 1249 necessariae
1534 1201 1692 1264 quaeri

526 1284 605 1343 12)
627 1282 806 1329 monitis
828 1282 1037 1329 dederint
1314 1330 1316 1333 ,

523 1362 608 1422 22)
628 1368 763 1424 aptus
788 1361 973 1422 quidam
993 1368 1135 1407 motus
1157 1361 1455 1407 desideratur.

486 1493 496 1506 ·
522 1441 605 1501 31)
628 1457 762 1501 quam
782 1441 893 1486 mihi
978 1467 981 1472 ·

626 1536 750 1566 nunc
772 1520 820 1565 in
843 1520 991 1566 caenis

521 1601 604 1661 43)
626 1616 709 1663 per
731 1616 813 1644 ora
832 1599 955 1644 intra

491 1724 494 1726 .
623 1687 672 1724 at
694 1680 733 1725 si
755 1679 881 1739 quini
903 1679 1099 1740 denique

518 1761 601 1820 48)
623 1759 703 1804 tali
724 1775 863 1804 causa

522 1841 593 1885 11.
615 1839 663 1899 5)
687 1856 780 1885 non
803 1839 1066 1885 evaluerunt
1085 1865 1150 1873 --
1170 1837 1438 1884 molliuntur

521 1921 592 1964 12.
613 1919 663 1979 2)
685 1918 785 1964 vim
801 1934 931 1964 suam
952 1917 1147 1963 intendat

540 1999 592 2059 4)
616 1997 673 2063 sit
692 1998 929 2059 aliquando

519 2079 597 2138 15)
619 2084 852 2140 praestare
873 2083 1107 2139 potuerant

519 2158 597 2219 18)
619 2164 892 2222 perpetuum
912 2156 1031 2203 illud.

1076 2358 1340 2418 CAPUT
1388 2330 1837 2419 SECUNDUM.

624 2521 626 2524 ,
663 2479 879 2540 Sequitur
901 2479 990 2525 iam
1012 2496 1153 2535 nunc,
1185 2486 1238 2525 ut
1260 2479 1319 2525 ad
1340 2478 1544 2540 singulos
1575 2479 1702 2528 locos
1725 2487 1806 2526 aut
1826 2482 2149 2538 recensendos,
2182 2489 2264 2528 aut
2286 2499 2441 2531 emen-

473 2560 672 2615 dandos,
712 2566 793 2605 aut
824 2559 1119 2623 explicandos
1151 2559 1380 2605 accedam.
1445 2558 1499 2604 In
1523 2575 1614 2620 qua
1645 2575 1696 2605 re
1718 2559 1783 2605 ita
1803 2562 2082 2606 versandum
2104 2562 2214 2619 erit,
2256 2571 2309 2609 ut
2330 2582 2441 2623 non,

472 2639 560 2686 nisi
592 2638 702 2686 satis
733 2655 923 2687 caussae
963 2639 1212 2696 obstiterit,
1250 2639 1542 2685 Ambrosiani
1572 2639 1708 2702 primi
1738 2640 1908 2687 codicis
1951 2641 2179 2705 scriptura
2209 2626 2442 2703 reiciatur,

471 2719 842 2781 emendatioque‚
883 2726 1106 2783 quantum
1135 2719 1235 2767 fieri
1264 2719 1456 2783 poterit,
1495 2736 1555 2767 ex
1587 2720 1740 2769 verbis
1770 2720 1971 2768 literisve
2010 2721 2057 2768 in
2090 2739 2145 2769 eo
2179 2724 2440 2788 depravatis

471 2801 690 2847 eliciatur.

2024 2881 2063 2928 B
