2766 3345
554 154 791 202 vocalibus
813 155 902 202 hoc
924 152 972 201 et
992 154 1184 217 reliquis
1202 154 1411 219 praedita
1432 163 1608 215 servat3

554 242 608 282 ut
628 236 761 293 vade,
794 235 914 292 veni,
947 242 1059 283 vota
1079 235 1216 292 refer,
1249 242 1408 282 teneto
1429 236 1639 284 vultomw
1711 263 1713 265 ·

559 318 696 363 1330.
734 315 786 373 ,,Ι
807 323 858 363 et
877 333 909 362 u
931 332 1025 362 non
1047 315 1137 362 hoc
1158 315 1395 373 valebunt,
1430 316 1527 364 sive
1548 319 1754 381 praesint
1773 319 1907 367 alteri

553 397 626 444 vel
649 396 734 442 sibi
760 411 867 442 cum
889 395 1180 459 copulantur,
1215 396 1324 457 quia
1343 396 1472 460 prior
1493 397 1547 443 fit
1567 413 1846 457 consonans,

550 477 626 522 illa
648 492 765 538 quae
787 475 1009 523 remansit
1030 475 1138 521 inde
1159 482 1343 539 tempus
1366 476 1504 522 unius
1525 484 1656 523 tenet

549 556 645 602 sive
669 556 876 618 duplum,
912 555 1047 616 quale
1070 561 1118 601 et
1139 556 1303 612 omnis,
1339 557 1526 617 quando
1547 558 1777 620 producta
1797 565 1883 615 est,
1916 558 2109 606 habet.'’

358 638 483 694 Quae
505 651 617 682 vero
639 635 931 698 Spaldingius
959 635 1019 679 ad
1048 635 1284 696 volgarem
1317 636 1581 698 opinionem
1618 637 1938 684 stabiliendam
1975 640 2127 685 adfert
2155 639 2335 697 Quinti-

355 718 463 763 liani
484 716 627 780 ipsius
649 716 792 762 verba
812 714 847 760 Ι.
875 717 917 759 7.
942 717 1020 760 26.
1043 730 1185 778 supra
1217 716 1403 779 scripta,
1437 716 1509 762 his
1539 731 1719 773 vereor,
1753 732 1813 762 ne
1845 732 1894 763 se
1922 718 2022 782 ipse
2049 718 2336 783 inpugnave-

287 854 291 859 .
355 798 436 853 rit3
472 796 643 843 etenim
666 795 744 841 ubi
766 796 883 840 duae
905 795 1089 841 vocales
1111 795 1159 840 in
1184 812 1329 841 unum
1350 813 1516 842 sonum
1547 796 1805 843 coalescere
1837 804 1885 843 et
1911 799 2135 845 confundi
2163 816 2335 862 negan-

353 885 445 932 tur,
479 877 543 922 ibi
574 876 759 936 quidem
789 875 875 920 sibi
896 875 1109 931 insidere,
1143 876 1225 920 sed
1246 891 1341 921 non
1364 875 1411 920 in
1434 892 1484 921 se
1514 876 1639 938 ipsas
1666 877 1791 942 coire
1814 876 2145 933 Quintilianum
2176 881 2334 928 existi-

354 957 551 1003 mavisse
574 971 756 1001 censeo.
821 952 1069 1000 Notionem
1089 971 1201 1000 vero
1224 955 1406 1000 numeri
1427 956 1670 1002 cardinalis
1701 956 1790 1002 hoc
1820 956 1924 1003 loco
1957 974 2053 1004 non
2082 961 2335 1021 urgendam

355 1053 456 1084 esse
500 1052 561 1082 ex
597 1034 835 1082 vocabulis
876 1034 1255 1081 antecedentibus
1289 1042 1402 1091 „aut
1429 1034 1573 1082 duas'’
1605 1036 1773 1093 „etiam
1803 1053 1863 1083 ex
1892 1037 2040 1084 tribus
2068 1037 2333 1087 vocalibus‘’

354 1118 514 1163 eadem
543 1116 721 1162 ratione
752 1132 838 1176 pro
877 1113 1139 1160 nominibus
1168 1114 1470 1161 distributivis
1500 1115 1715 1162 adhibitis
1753 1116 1917 1162 elucet.
1981 1117 2192 1179 Denique
2222 1121 2334 1175 „de-³

353 1196 510 1243 mum'’
532 1196 805 1260 particulam
827 1213 921 1240 non
945 1195 1096 1240 solum
1117 1211 1225 1240 cum
1248 1195 1503 1253 „duabus”,
1538 1197 1620 1242 sed
1642 1197 1780 1242 etiam
1809 1214 1917 1243 cum
1940 1199 2234 1255 „vocalibus”
2257 1216 2330 1246 ar-

352 1279 554 1325 ctissime
583 1276 953 1338 coniungendam
991 1292 1092 1321 esse
1130 1293 1243 1323 mox
1280 1276 1551 1322 videbimus.
1617 1276 1792 1324 Iustam
1828 1294 1940 1325 vero
1979 1280 2334 1344 explicationem

353 1359 648 1407 Godofredus
670 1357 966 1403 Hermannus
997 1356 1243 1419 protulisse
1272 1357 1470 1414 videtur,
1505 1373 1643 1420 quam
1675 1374 1782 1404 cum
1803 1358 1990 1422 Meyero
2019 1361 2329 1407 communica-

350 1442 441 1488 vit:
478 1440 601 1497 „Der
622 1438 735 1484 Sinn
768 1438 918 1483 dieser
939 1436 1076 1483 Stelle
1107 1438 1286 1483 scheint
1314 1438 1402 1484 mir
1431 1455 1482 1484 so
1515 1454 1788 1500 genommen
1819 1441 2005 1486 werden
2034 1453 2092 1486 zu
2121 1449 2327 1499 mussen3

351 1538 403 1568 er
425 1521 541 1566 wird
563 1519 683 1564 auch
704 1519 881 1579 fragen,
914 1518 1001 1563 wie
1023 1533 1114 1562 nur
1134 1532 1277 1579 ganze
1299 1518 1474 1565 Vokale
1498 1519 1571 1564 die
1591 1519 1890 1580 Eigenschafl'.
1918 1521 2084 1578 haben,
2117 1522 2202 1567 mit
2231 1522 2327 1568 ein-

350 1602 496 1647 ander
522 1599 665 1644 selbst
693 1598 741 1643 in
773 1597 875 1642 eine
897 1596 1018 1642 Silbe
1048 1597 1161 1642 oder
1191 1597 1325 1643 einen
1354 1597 1476 1642 Laut
1511 1598 1738 1659 vereinigt
1774 1600 1961 1645 werden
1999 1616 2057 1645 zu
2095 1600 2327 1647 konnen.”

348 1681 513 1742 Itaque
536 1678 733 1741 scriptor
755 1693 810 1722 ea
830 1677 1032 1739 respicit,
1068 1692 1186 1737 quae
1207 1677 1362 1739 paullo
1394 1684 1501 1723 ante
1532 1678 1589 1723 de
1624 1678 1821 1723 duarum
1851 1678 2081 1725 vocalium
2108 1680 2157 1725 in
2189 1697 2327 1727 unam

348 1761 573 1826 syllabam
594 1757 1019 1820 coniungendarum
1036 1757 1214 1804 ratione
1237 1757 1472 1821 exposuit:
1508 1758 1602 1815 „At
1632 1773 1751 1820 quae
1779 1764 1832 1805 ut
1859 1758 2042 1807 vocales
2070 1759 2329 1823 iunguntur

347 1850 429 1890 aut
461 1857 601 1888 unam
628 1839 812 1901 longam
844 1838 1023 1885 faciunt
1046 1873 1314 1885 .........
1338 1845 1420 1885 aut
1442 1836 1601 1885 duas.’'
1667 1837 1792 1896 Quas
1816 1839 2002 1901 quidem
2023 1848 2105 1887 aut
2120 1841 2167 1888 in
2185 1859 2326 1889 unam

346 1924 533 1985 longam
561 1920 781 1977 vocalem,
816 1926 898 1966 aut
925 1919 973 1965 in
1004 1919 1343 1983 diphthongum
1372 1919 1713 1983 conprehensas
1742 1919 1807 1966 ita
1835 1920 1984 1978 adfici,
2019 1928 2072 1967 ut
2101 1939 2196 1969 non
2226 1940 2324 1970 am·-

346 2005 467 2068 plius
508 2003 713 2064 integrae
745 2007 1027 2057 remaneant,
1063 2000 1145 2047 sed
1173 2000 1317 2046 altera
1346 2000 1533 2046 alterius
1570 1999 1618 2046 vi
1655 2007 1869 2048 naturam
1905 2001 2169 2065 primariam
2208 2020 2330 2066 qu0-›

346 2084 590 2129 dammodo
613 2083 828 2143 deponat,
861 2081 1017 2140 itaque
1040 2097 1126 2125 suo
1148 2081 1247 2126 iure
1270 2082 1387 2125 duae
1409 2081 1512 2125 illae
1533 2081 1716 2125 vocales
1738 2081 1786 2125 in
1810 2097 1859 2126 se
1881 2081 2003 2143 ipsas
2020 2083 2143 2128 coire
2166 2084 2322 2130 dican-

344 2172 435 2219 tur,
470 2163 637 2226 partim
661 2168 785 2207 certe
808 2177 868 2206 ex
889 2161 1015 2207 hisce
1038 2144 1303 2205 Terentiani
1324 2160 1474 2205 Mauri
1494 2160 1705 2205 versibus
1727 2161 2023 2207 manifestum
2045 2170 2137 2208 est:

601 2244 658 2288 37
665 2244 709 2288 8.
745 2258 915 2304 „porro
937 2240 1144 2286 vocalem
1167 2246 1327 2287 secuta
1348 2241 1434 2302 (sc.
1459 2240 1511 2301 u)
1533 2240 1628 2286 vim
1649 2246 1778 2286 tenet
1798 2240 2040 2298 vocalium,

598 2330 645 2368 et
668 2338 806 2367 sonos
829 2328 1051 2381 utrosque
1073 2320 1245 2381 iungit3
1282 2320 1404 2366 unde
1427 2320 1738 2382 diphthongos
1760 2337 1838 2367 eas

599 2400 818 2450 Graeciae
841 2399 1004 2448 dicunt
1021 2396 1243 2462 magistri,
1279 2400 1404 2461 quod
1426 2400 1544 2446 duae
1566 2399 1749 2447 iunctae
1772 2399 1908 2447 simul

599 2481 820 2545 syllabam
842 2486 1011 2528 sonant
1032 2480 1079 2529 in
1104 2497 1259 2537 unam,
1291 2480 1431 2541 vique
1453 2479 1636 2542 gemina
1655 2479 1890 2544 praeditae

596 2578 778 2625 semper
800 2561 1016 2608 effectum
1038 2561 1245 2607 duorum
1258 2568 1520 2624 temporum
1542 2561 1825 2619 custodiunt,

595 2644 690 2689 sive
712 2643 941 2704 producto
963 2642 1215 2689 efferantur
1237 2642 1333 2687 sive
1356 2648 1570 2703 correpto
1593 2640 1753 2687 sono.”

599 2724 685 2768 132
694 2725 735 2768 6.
772 2721 887 2778 „Vel
909 2721 1111 2783 gemellis
1134 2737 1242 2768 cum
1263 2720 1473 2783 iugamus
1497 2721 1718 2784 syllabam
1740 2720 1990 2777 vocalibus,

595 2803 818 2850 misceant
840 2819 1006 2849 sonum
1029 2817 1218 2849 necesse
1240 2808 1326 2859 est,
1359 2801 1458 2849 iure
1477 2799 1975 2865 distent·temporum.'’
