2766 3345
306 620 308 623 >
366 549 521 641 Inter
548 607 722 652 omnes,
755 585 851 656 qui
866 593 1017 642 adhuc
1039 592 1343 641 innotuerunt
1363 592 1546 642 codices
1569 591 1902 651 Quintilianeos
1931 590 2109 639 nullum
2139 591 2343 654 reperiri,

367 672 445 723 cui
468 679 520 722 et
537 670 916 723 'obssvetustatem
948 680 1004 722 et>
1017 674 1084 722 'ob
1113 673 1301 736 originis
1330 673 1654 721 auctoritatem
1683 672 1732 720 in
1759 672 1917 736 primis
1941 672 2102 719 saltem
2122 672 2248 719 libris
2270 688 2343 718 re-

367 754 699 823 cognoscendis
714 759 893 801 tantam
908 753 1049 801 fidem
1063 753 1266 801 tribuere
1282 740 1431 812 liceat,
1455 760 1677 816 quantam
1694 753 1842 800 codici
1857 752 2162 799 Ambrosiano
2179 752 2343 815 primo,

365 834 477 881 viris
499 834 662 891 doctis,
704 834 786 895 qui
815 850 900 897 per
925 834 1116 896 triginta
1143 834 1310 880 abhinc
1347 846 1494 880 annos
1520 834 1631 879 huic
1652 833 1953 879 institutionis
1977 833 2203 877 oratoriae
2225 832 2346 895 parti

368 914 573 960 criticam
609 914 759 958 facem
796 906 1086 971 adtulerunt,
1126 915 1236 959 satis
1274 899 1548 977 persuasum
1578 921 1664 959 est.
1728 913 1891 974 Itaque
1919 913 2133 975 Zumptio
2166 928 2346 957 summa

366 994 468 1039 laus
489 995 700 1050 debetur,
737 995 864 1054 quod
894 995 1091 1039 editione
1114 995 1438 1058 Spaldingiana
1459 1010 1487 1039 a
1506 994 1792 1040 Buttmanno
1822 994 2047 1049 absoluta,
2088 1008 2143 1037 ea
2173 992 2344 1037 codicis

366 1072 487 1119 illius
514 1073 789 1131 testimonia,
830 1089 948 1134 quae
980 1090 1127 1136 usque
1160 1074 1220 1119 ad
1252 1090 1429 1120 nonum
1456 1072 1626 1119 librum
1648 1072 1913 1136 Spaldingio
1937 1073 2145 1118 nondum
2167 1072 2227 1117 ad
2247 1087 2343 1117 ma-

367 1148 481 1198 num
511 1153 709 1211 fuerant,
739 1153 789 1198 in
819 1153 981 1216 quinto
1002 1153 1236 1200 volumine
1258 1153 1505 1218 conposuit
1534 1153 1712 1217 sibique
1735 1159 1783 1199 et
1809 1152 1908 1199 aliis
1931 1152 2172 1218 philologis
2195 1165 2343 1198 novae

366 1233 578 1279 editionis
600 1234 831 1298 parandae
853 1234 1034 1298 copiam
1054 1234 1177 1280 fecit.
1243 1233 1533 1298 Spaldingius
1556 1233 1692 1292 enim,
1725 1248 1832 1280 cum
1863 1233 1954 1279 iam
1984 1234 2076 1279 duo
2108 1231 2345 1279 volumina

329 1362 331 1364 ,
368 1313 655 1370 confecisset,
678 1313 766 1359 iter
785 1313 834 1359 in
854 1312 1032 1359 Italiam
1053 1314 1268 1378 suscepit,
1293 1328 1385 1376 qua
1407 1313 1647 1360 occasione
1669 1313 1771 1360 fieri
1794 1328 1887 1359 non
1910 1313 2075 1377 potuit,
2109 1312 2222 1375 quin
2246 1310 2342 1358 ani-

366 1408 496 1439 mum
517 1393 780 1439 aduerteret
807 1392 970 1456 opibus
998 1392 1086 1439 illis
1114 1393 1512 1455 recognoscendis,
1554 1409 1668 1454 quas
1700 1408 1748 1440 se
1777 1393 1823 1440 in
1846 1393 2125 1440 bibliotheca
2145 1392 2343 1439 Ambro-

368 1472 499 1521 siana
517 1472 687 1520 vidisse
708 1478 903 1519 testatus
926 1478 1025 1519 erat
1044 1471 1229 1519 Isaacus
1251 1472 1459 1530 Vossius,
1490 1473 1663 1520 scilicet
1693 1473 1899 1520 codicem
1920 1472 2063 1519 literis
2088 1471 2343 1518 uncialibus

369 1552 606 1616 scriptum.
670 1551 763 1599 Sed
783 1552 976 1609 frustra3
1009 1567 1159 1614 neque
1180 1552 1292 1599 mihi
1314 1552 1526 1599 codicum
1547 1552 1808 1614 catalogum
1829 1551 2091 1615 inspicienti
2113 1558 2252 1613 atque
2274 1550 2342 1597 bi-

367 1626 621 1680 bliothecae
642 1632 928 1695 praefectum
956 1631 1108 1679 virum
1139 1648 1342 1679 summae
1365 1632 1591 1679 comitatis
1613 1632 1932 1694 interroganti,
1955 1633 2228 1679 thesaurum
2248 1638 2344 1678 tam

368 1712 606 1774 antiquom
626 1711 826 1775 reperire
849 1706 1053 1773 contigit.
1119 1711 1408 1775 Spaldingius
1430 1728 1541 1759 vero
1573 1712 1792 1769 codicem,
1824 1712 1903 1773 qui
1931 1729 2056 1758 nunc
2078 1710 2342 1759 Ambrosia-

368 1808 457 1840 nus
485 1791 661 1855 primus
689 1790 973 1848 nominatur,
1011 1791 1236 1855 repperit,
1276 1791 1406 1838 cuius
1447 1792 1701 1854 scripturae
1737 1792 1983 1838 varietates
2014 1793 2121 1838 inde
2158 1810 2186 1837 a
2218 1808 2342 1837 nono

367 1871 484 1919 libro
512 1877 702 1935 propter
729 1870 949 1934 temporis
978 1871 1211 1933 angustias
1242 1871 1454 1933 conlegit,
1485 1871 1709 1933 reliquam
1736 1879 1891 1918 tamen
1919 1880 2100 1934 partem
2123 1890 2150 1917 a
2173 1871 2224 1918 G.
2248 1871 2341 1917 Bu-

369 1958 498 2014 gato,
544 1951 744 2008 Abbate,
782 1951 1083 1997 bibliothecae
1122 1951 1198 1996 illo
1235 1958 1443 2014 tempore
1480 1953 1715 2014 praefecto
1728 1988 1739 2009 ‚
1780 1953 2108 1998 conferendam
2147 1952 2340 1998 curavit.

369 2030 659 2092 Quamquam
678 2031 816 2077 huius
839 2031 1009 2077 codicis
1034 2031 1284 2094 scripturas
1314 2031 1484 2077 maiore
1508 2046 1616 2077 cum
1637 2047 1763 2088 cura,
1796 2047 1935 2092 quam
1956 2032 2209 2078 multorum
2231 2031 2341 2077 alio-

369 2127 475 2160 rum
496 2110 707 2158 codicum
729 2110 959 2158 conlectas
983 2126 1083 2158 esse
1105 2117 1302 2169 constat,
1324 2117 1479 2158 tamen
1501 2117 1683 2158 tantum
1705 2111 1849 2169 abest,
1874 2118 1926 2158 ut
1942 2111 2128 2176 Zumpti
2150 2112 2206 2159 de
2230 2127 2341 2158 con—

368 2192 529 2239 latoris
551 2192 784 2254 diligentia
812 2192 979 2238 iudicio
1002 2192 1329 2238 confidendum
1367 2193 1444 2249 sit,
1486 2193 1566 2254 qui
1603 2193 1747 2256 praef.
1786 2208 1892 2257 pag.
1915 2207 2023 2250 xxx,
2063 2192 2152 2239 nisi
2190 2192 2343 2256 gravis

371 2274 598 2337 quaedam
619 2288 783 2320 caussa
804 2273 968 2330 obstet,
993 2273 1129 2319 etiam
1152 2273 1331 2319 silentio
1354 2289 1485 2319 suam
1500 2273 1641 2319 fidem
1663 2273 1819 2319 deberi
1841 2274 1966 2331 dicit,
1990 2281 2043 2319 ut
2059 2290 2182 2320 novo
2200 2272 2343 2330 Quin-

370 2353 517 2401 tiliani
537 2353 703 2400 editori
724 2352 931 2400 conlatio⁴
945 2353 1096 2399 denuo
1119 2353 1401 2399 instituenda
1423 2353 1495 2399 sit.
1562 2352 1680 2399 Nam
1709 2369 1804 2399 non
1836 2354 1986 2400 solum
2007 2370 2174 2417 parum
2203 2355 2343 2400 adcu-

371 2440 485 2491 rate,
515 2433 627 2495 quid
655 2433 803 2496 prima
831 2448 1010 2489 manus,
1042 2432 1153 2494 quid
1181 2432 1384 2478 secunda
1414 2432 1664 2495 scripserit,
1693 2433 1966 2479 adnotatum
1988 2439 2073 2490 est,
2104 2433 2186 2479 sed
2208 2433 2345 2479 etiam

370 2512 617 2577 pleraeque
640 2513 893 2575 scripturae
914 2512 1173 2569 varietates,
1198 2528 1312 2573 quas
1336 2512 1375 2558 si
1396 2528 1491 2557 non
1514 2528 1689 2569 omnes,
1714 2520 1840 2558 certe
1862 2513 2082 2575 plurimas
2105 2513 2227 2558 infra
2248 2513 2343 2559 adi-

372 2593 505 2649 ciam,
528 2593 724 2638 omissae
741 2599 864 2639 sunt.
896 2591 1057 2652 Itaque
1078 2592 1278 2654 primum
1299 2607 1400 2637 eam
1422 2592 1593 2637 codicis
1615 2599 1809 2654 partem,
1842 2609 1958 2653 quae
1982 2594 2041 2638 ad
2061 2592 2230 2638 librum
2251 2593 2345 2655 pri-

370 2688 499 2719 mum
519 2671 720 2735 pertinet
742 2672 881 2734 (hanc
904 2672 1027 2718 enim
1048 2671 1192 2718 solam
1214 2671 1431 2733 cognovi)
1456 2671 1692 2733 aliquanto
1725 2672 1990 2718 adcuratius
2025 2688 2164 2734 quam
2195 2673 2345 2719 adhuc

370 2752 546 2799 factum
577 2758 649 2798 est
678 2752 935 2799 describam
963 2758 1010 2799 et
1038 2752 1291 2816 scripturae
1319 2751 1564 2799 varietates
1595 2769 1623 2799 a
1649 2752 1831 2815 Bugato
1869 2752 2060 2799 omissas
2098 2753 2343 2809 adnotabo,

371 2832 536 2881 deinde
563 2832 700 2880 huius
729 2833 900 2881 codicis
930 2832 1219 2897 potissimum
1248 2831 1521 2880 auctoritate
1551 2832 1679 2880 nisus
1709 2840 1791 2880 aut
1819 2832 2062 2880 nonnullas
2093 2833 2343 2896 scripturas
