2766 3345
600 177 637 224 I.
656 179 701 224 2.
722 169 769 223 6.·
808 172 988 232 „Mollis
1020 172 1100 219 illa
1125 167 1357 230 educatio,
1397 167 1537 234 quam
1570 172 1902 234 indulgentiam
1931 187 2174 228 vocamus,
2215 178 2383 218 nervos

409 272 570 306 omnes
592 263 641 303 et
658 254 827 302 mentis
849 260 898 300 et
917 246 1342 315 corporis-frangit.¹
1397 253 1518 310 Quid
1546 248 1642 299 non
1672 252 1856 297 adultus
1889 252 2199 314 concupiscet,
2229 259 2305 313 qui
2334 252 2381 297 in

407 336 627 401 purpuris
648 334 796 397 repit?
860 332 1079 380 Nondum
1105 332 1254 394 prima
1280 334 1423 378 verba
1450 332 1686 395 exprimit,
1723 332 1815 377 iam
1842 332 1996 376 locum
2023 332 2253 392 intelligit,
2292 332 2383 376 iam

406 414 673 464 cunnellum
693 406 856 477 poscit.
893 432 895 435 ’
922 413 1046 460 Ante
1066 411 1271 475 palatum
1292 427 1467 469 eorum,
1503 427 1646 473 quam
1681 427 1834 457 mores
1867 411 2163 457 instituimus.
2228 410 2282 457 In
2315 411 2380 457 le-

406 487 537 543 cticis
559 488 790 553 crescunt,
813 494 854 541 si
878 499 1052 539 terram
1074 491 1339 554 attigerunt,
1362 508 1387 539 e
1413 493 1627 539 manibus
1656 492 1887 554 utrimque
1916 492 2240 538 sustinentium
2266 507 2379 555 pen-

406 577 531 622 dent.
598 574 879 632 Gaudemus,
910 573 950 621 si
979 573 1090 636 quid
1118 572 1328 619 licentius
1358 571 1604 619 dixerint.”
1671 572 1788 635 (Scr.
1819 574 1921 619 cod.
1951 574 1995 619 A
2015 576 2055 618 1.
2089 572 2317 634 „frangit”
2346 572 2376 617 l.

406 657 503 703 abr.
527 672 587 703 m.
612 657 656 703 2.
681 654 820 718 „qui”
852 655 973 701 inter
1003 652 1356 717 „concupiscet”
1380 660 1427 700 et
1457 652 1563 711 „in”
1587 669 1615 699 a
1646 655 1673 699 2
1706 670 1766 699 m.
1797 654 1876 699 lin.
1901 669 2128 717 superscr.
2163 654 2283 710 „iam
2310 653 2378 699 lo-

406 750 513 785 cum
533 736 723 799 intelligi
745 734 770 757 ”
794 752 822 782 a
845 736 873 782 2
896 751 958 782 m.
980 734 1010 781 l.
1034 735 1131 782 abr.
1158 732 1479 793 „cunneUum”
1502 734 1533 780 l.
1558 733 1654 780 abr.
1687 733 1775 780 nisi
1801 733 1936 781 fallor
1957 750 1985 780 a
2007 735 2033 780 2
2058 749 2119 780 m.
2184 732 2297 780 Inde
2317 734 2376 780 ab

406 823 544 874 „ante
564 817 769 880 palatum
793 851 805 862 .
825 810 840 862 .’
857 850 995 862 .....
1020 809 1168 877 usque
1189 815 1249 861 ad
1271 817 1296 875 ξ
1321 817 1364 861 8.
1390 821 1671 876 „antequam
1694 813 1867 862 sciant”
1890 815 2019 861 initio
2049 814 2216 860 lacuna
2236 814 2376 860 fuisse

403 896 600 953 videtur,
624 912 742 958 quae
764 913 793 942 a
813 911 955 942 manu
977 895 1182 942 secunda
1203 894 1388 958 expleta
1409 894 1515 955 est.)
1548 921 1613 928 -—

583 1047 747 1103 'Verba
766 1055 881 1102 haec
911 1054 1031 1113 „iam
1062 1054 1218 1101 locum
1248 1053 1482 1117 intelligit,
1521 1053 1613 1100 iam
1651 1053 1916 1101 cunnellum
1954 1052 2129 1117 poscit”
2159 1060 2376 1117 corrupta

401 1151 502 1183 esse
542 1136 691 1197 quivis
728 1136 867 1183 videt.
932 1134 1212 1198 Interpretes
1253 1136 1312 1181 ad
1342 1151 1488 1181 unum
1521 1151 1681 1181 omnes
1713 1142 1795 1180 aut
1824 1135 2099 1197 scripturam
2127 1133 2374 1191 „coccum”

402 1216 649 1263 codicibus·
667 1216 927 1272 Turicensi,
957 1215 1307 1276 Lassbergensi‚
1335 1215 1664 1276 Bambergensi
1693 1231 1721 1259 a
1747 1231 1889 1260 manu
1919 1215 2123 1260 secunda
2153 1214 2374 1259 nitentem

402 1296 721 1352 defenderunt,
744 1302 797 1341 ut
817 1295 1001 1357 RegiuS,
1023 1294 1316 1352 Mosellanus‚
1348 1294 1532 1341 Pseudo
1556 1295 1816 1351 Turnebus,
1846 1294 2036 1350 Parcus,
2064 1294 2372 1349 Burmannus,

401 1374 715 1432 Gemhardus,
730 1369 964 1438 -Meyerus,
988 1382 1069 1420 aut
1090 1375 1365 1438 scripturam
1387 1373 1609 1431 „cocum”
1632 1375 1777 1420 codic.
1801 1375 1994 1430 Aldinis,
2025 1375 2184 1420 Bamb.
2210 1390 2238 1419 a
2264 1377 2284 1418 1
2311 1390 2371 1419 m.

399 1455 545 1502 Paris.
570 1457 614 1500 4.
641 1458 683 1501 5.
708 1461 1023 1511 sustentatam,
1048 1460 1101 1500 ut
1122 1455 1427 1518 Spaldingius,
1451 1455 1653 1517 Sarpius,
1677 1455 1931 1518 Zumptius,
1954 1455 2222 1501 Bonnellius
2238 1461 2371 1499 tuen-

399 1542 492 1582 tur.
559 1535 733 1582 Contra
761 1536 937 1600 priores
967 1543 1092 1582 recte
1122 1535 1309 1599 Sal-pius
1331 1535 1463 1581 Anal.
1486 1553 1531 1599 p.
1558 1537 1618 1581 20
1638 1543 1810 1593 monet,
1840 1536 2059 1581 orationis
2090 1535 2370 1599 perpetuita-

399 1622 495 1663 tem
531 1631 801 1679 repugnare.
877 1615 1107 1672 Quorsum
1145 1616 1267 1661 enim
1305 1622 1516 1679 spectant
1551 1616 1713 1662 verba:
1766 1617 1916 1673 „Ante
1952 1616 2158 1679 palatum
2196 1632 2370 1672 eorum,

400 1711 540 1758 quam
560 1689 711 1742 mores
732 1695 1071 1742 instituimusw?
1137 1695 1288 1752 Quare
1312 1711 1406 1742 non
1428 1696 1581 1759 inepte
1601 1695 1771 1742 Lucius
1794 1697 1825 1742 J
1828 1697 2034 1742 ohannes
2057 1696 2240 1760 Scoppa
2255 1695 2368 1742 Par-

397 1776 681 1838 thenopaeus
704 1774 892 1823 Collect.
915 1775 991 1821 lib.
1014 1774 1071 1822 Π.
1097 1774 1207 1838 Cap.
1233 1777 1276 1821 3.
1299 1793 1344 1838 p.
1371 1778 1478 1832 950,
1510 1776 1591 1837 qui
1613 1775 1864 1833 „coccum”
1888 1777 2070 1833 retinet,
2102 1793 2189 1839 pro
2213 1776 2367 1838 „palae

397 1854 525 1902 tum”
557 1855 848 1901 scribendum
886 1869 985 1901 esse
1023 1861 1181 1901 censet
1220 1853 1504 1917 „paratum’'.
1569 1855 1746 1901 Deinde
1784 1856 2037 1902 infantibus
2077 1871 2226 1917 neque
2267 1871 2368 1901 eam

396 1935 637 1982 oculorum
663 1934 933 1991 lubidinem,
966 1949 1116 1995 neque
1146 1950 1247 1980 eam
1269 1934 1407 1979 animi
1427 1934 1658 1980 luxuriem
1684 1935 1939 1992 tribuerim,
1972 1936 2138 1997 quibus
2162 1937 2221 1981 ad
2245 1936 2364 1981 eius-

395 2013 824 2062 modi—differentias
847 2015 1160 2075 agnoscendas
1185 2021 1266 2060 aut
1285 2014 1483 2060 vestium
1505 2015 1750 2077 adparatus
1774 2015 2007 2077 eligendos
2028 2015 2177 2078 parati
2198 2023 2366 2062 essent.

396 2094 641 2142 Praeterea
667 2088 964 2141 vehementer
994 2095 1168 2151 dubito,
1209 2111 1487 2156 quamquam
1514 2095 1808 2141 Burmannus
1841 2096 2122 2154 adfirmavit,
2161 2097 2367 2160 possitne

398 2172 716 2237 „intellegere”
741 2174 797 2220 de
826 2174 974 2237 pretio
1005 2174 1171 2220 coloris
1204 2174 1406 2220 coccinei
1443 2176 1764 2237 cognoscendo
1794 2176 2012 2222 adhiberi.
2078 2178 2153 2222 Ad
2177 2176 2368 2222 alteram

395 2270 508 2301 vero
538 2255 811 2318 scripturam
842 2255 1158 2299 stabiliendam
1188 2255 1721 2300 observatio-Ruhnkeni
1751 2257 1810 2301 ad
1830 2257 1938 2301 Rut.
1960 2257 2077 2319 Lup.
2106 2260 2147 2313 l,
2166 2260 2210 2301 4.
2234 2274 2280 2319 p.
2309 2260 2367 2302 16

395 2335 569 2397 aliquid
589 2335 783 2391 confert,
815 2335 1105 2396 „intellegere
1135 2336 1333 2396 aliquem
1363 2351 1697 2396 nonnunquam
1732 2336 1853 2381 idem
1884 2351 1984 2383 esse
2016 2344 2154 2398 atque
2185 2353 2368 2394 „mores

395 2414 586 2461 alicuius
624 2413 809 2461 tenere’'
843 2414 971 2460 velut
1009 2431 1081 2478 ap.
1107 2414 1262 2471 Quint.
1292 2414 1371 2460 XI.
1400 2418 1535 2460 1.10.
1572 2415 1858 2476 „(Socrates)
1899 2418 1955 2462 ab
1993 2417 2256 2463 hominibus
2297 2418 2368 2463 sui

393 2494 614 2556 temporis
643 2511 807 2557 parum
834 2494 1225 2556 intellegebatur.”
1289 2494 1406 2540 Vell.
1439 2495 1540 2541 Pat.
1569 2494 1627 2540 H.
1651 2498 1754 2541 116.
1824 2496 2075 2552 „Silianum
2095 2497 2367 2543 intellexit.”

394 2571 512 2620 Nam
533 2589 618 2620 cur
638 2591 732 2620 non
753 2574 843 2620 hoc
864 2574 1057 2620 verbum
1077 2574 1142 2620 ita
1165 2574 1225 2621 ad
1244 2573 1443 2621 infantes
1465 2574 1706 2621 transferri
1727 2575 1913 2637 poterit,
1943 2583 1996 2622 ut
2017 2576 2264 2624 artificium
2286 2578 2367 2624 ali-

393 2653 526 2701 cuius
552 2653 772 2710 hominis,
812 2661 892 2701 aut
919 2654 1185 2714 dignitatem
1220 2646 1348 2701 inre
1380 2654 1591 2701 familiari
1618 2672 1674 2702 eo
1703 2672 1982 2716 cognoscere
2018 2656 2367 2717 significentur?

393 2725 611 2781 Attamen
632 2732 869 2780 literarum
892 2733 1034 2780 ductu
1055 2733 1103 2780 in
1126 2734 1228 2781 cod.
1250 2734 1410 2781 Ambr.
1438 2737 1461 2781 1
1488 2741 1534 2781 et
1555 2734 1808 2798 scripturae
1830 2736 2153 2798 pallidissimae
2174 2737 2223 2785 in
2244 2757 2366 2785 mar-

393 2812 498 2875 gine
520 2813 622 2861 cod.
644 2812 804 2863 Bamb.
830 2806 982 2877 (cuius
1015 2813 1265 2878 scripturas
1295 2813 1387 2863 huc
1418 2814 1525 2863 illuc
1557 2814 1605 2863 in
1632 2815 1839 2878 margine
1869 2816 2070 2866 adiectas
2101 2835 2237 2882 saepe
2259 2835 2364 2867 cum

392 2894 551 2942 Ambr.
579 2897 600 2940 1
637 2892 977 2942 consentientes
1007 2895 1208 2959 repperi)
1239 2895 1362 2942 aliud
1391 2895 1563 2958 aliquid
1592 2895 1837 2955 indicatur,
1868 2899 1995 2959 quod
2026 2916 2122 2946 non
2150 2900 2367 2947 abhorret
