2766 3345
401 125 662 180 vindicabo,
698 131 780 169 aut
809 140 870 170 ex
898 124 996 169 aliis
1020 123 1284 184 eisdemque
1307 123 1537 187 corruptis
1567 124 1909 171 emendationes
1939 124 2117 181 elicere,
2149 130 2231 170 aut
2259 124 2380 171 diffi-

400 206 511 252 ciles
534 204 712 265 aliquos
734 204 862 250 locos
884 204 1114 266 explicare
1137 203 1355 249 conabor.

1069 339 1335 399 CAPUT
1370 338 1713 400 PRIMUM.

594 445 756 492 Codex
782 444 1117 490 Ambrosianus
1147 443 1183 501 1,
1223 445 1624 502 membranaceus,
1664 446 1814 492 forma
1840 446 2065 504 maxima,
2105 462 2245 509 quam
2272 446 2383 493 folio

402 528 631 581 metimur,
663 526 870 586 signatus
901 531 972 569 est
1000 525 1134 570 litera
1153 525 1215 580 E,
1247 539 1441 570 numero
1477 527 1565 570 153
1599 526 1767 572 iudicio
1789 526 1996 572 virorum
2018 527 2261 572 doctorum
2283 542 2382 574 sae-

401 607 493 654 culi
523 605 702 662 decimi,
733 604 809 650 vel
841 604 1007 667 prioris
1031 603 1263 667 undecimi
1282 603 1442 667 partis.
1508 603 1618 650 Fuit
1639 604 1748 651 olim
1768 604 1966 654 familiae
1982 602 2383 664 Bas-bavariorum,

401 686 649 749 aliquando
677 683 912 750 Francisci
942 682 1132 730 Cicerei.
1187 678 1407 730 'Primum
1436 683 1600 730 folium
1637 684 1885 732 rescissum
1914 692 2000 743 est,
2029 685 2253 733 nonnulla
2279 686 2383 745 alia,

399 767 568 833 partim
589 772 779 830 propter
802 763 1079 825 squalorem,
1110 763 1191 825 qui
1211 764 1302 811 huc
1326 763 1433 810 illuc
1455 763 1662 828 inrepsit,
1691 764 1860 828 partim
1882 764 2069 827 quidem
2088 772 2280 830 propter
2301 784 2383 814 an·-

400 847 625 910 tiquitatis
647 846 741 893 vim
770 844 997 906 nigruisse
1020 844 1295 891 invenimus.
1360 843 1690 907 Inscriptiones
1712 851 1896 892 tantum
1917 852 1966 892 et
1984 845 2160 908 primae
2181 847 2385 910 capitum

402 936 483 975 aut
503 926 704 990 partium
732 925 891 971 literae
920 925 1071 970 forma
1102 924 1270 970 unciali
1299 924 1588 987 conscriptae
1617 932 1741 971 sunt.
1805 925 1934 972 Binis
1964 925 2207 983 columnis,
2235 927 2385 990 spatio

400 1025 547 1056 vacuo
565 1006 822 1062 interiecto,
844 1005 1057 1051 librarius
1082 1011 1339 1050 atramento
1362 1004 1595 1051 interdum
1615 1005 1847 1067 pernigro,
1876 1005 2110 1052 interdum
2130 1006 2384 1069 pallidiore,

400 1090 638 1134 literarum
668 1087 811 1132 ductu
840 1085 1112 1146 gravissimo
1148 1091 1195 1130 et
1226 1084 1465 1141 distinctO,
1506 1085 1737 1131 scribendi
1763 1086 2032 1148 conpendiis
2071 1086 2232 1149 paucis
2270 1100 2384 1134 usus

401 1176 486 1215 est.
555 1167 802 1213 Corrector
824 1164 1004 1225 aliquiS,
1029 1172 1255 1224 quantum
1277 1181 1337 1210 ex
1358 1164 1595 1210 literarum
1618 1166 1762 1211 ductu
1784 1166 2147 1228 conpendiisque
2169 1166 2384 1213 adhibitis

401 1248 613 1295 conicere
635 1245 756 1300 licet,
780 1251 928 1290 aetate
953 1261 980 1289 a
1003 1244 1227 1306 scriptore
1249 1244 1467 1306 primario
1489 1245 1616 1290 haud
1637 1245 1835 1290 multum
1865 1245 2057 1302 distans,
2092 1246 2132 1291 si
2159 1263 2254 1292 non
2283 1247 2385 1292 ubi-

402 1344 508 1390 que,
538 1335 693 1373 tamen
722 1324 994 1388 plerumque
1024 1332 1153 1369 certo
1183 1324 1443 1386 corrigendi
1472 1325 1774 1371 fundamento
1805 1325 1990 1371 adiutus
2021 1326 2164 1372 fuisse
2184 1326 2383 1373 videtur.

400 1410 497 1455 Aut
523 1404 714 1453 vocibus
741 1404 943 1450 literisve
973 1404 1200 1467 primariis
1229 1404 1404 1450 abrasis
1434 1404 1661 1451 vocabula
1691 1404 1952 1467 singulasve
1983 1404 2138 1451 literas
2161 1405 2209 1452 in
2229 1405 2385 1453 locum

402 1486 655 1542 substituit,
695 1492 777 1530 aut
796 1485 940 1530 verba
961 1484 1174 1529 literasve
1207 1484 1377 1530 omissa
1408 1485 1539 1531 lineis
1572 1485 1913 1548 superscripsit,
1937 1492 2019 1531 aut
2038 1486 2234 1533 maiores
2256 1486 2384 1535 lacu-

401 1586 500 1625 nas,
525 1574 577 1613 ut
598 1566 714 1612 libro
736 1565 900 1629 primO,
937 1564 1096 1628 Capite
1121 1567 1165 1611 2.
1196 1565 1302 1611 inde
1336 1581 1364 1611 a
1404 1568 1429 1625 ξ
1457 1568 1482 1611 6
1519 1565 1813 1623 „conuellum
1841 1566 1992 1629 poscit
2017 1601 2382 1615 ............

402 1664 551 1711 usque
574 1648 632 1693 ad
655 1649 679 1707 ξ
706 1648 733 1692 8
759 1652 1040 1707 „antequam
1063 1644 1238 1692 sciant''
1263 1645 1482 1709 explevit.
1548 1645 1713 1692 Statim
1735 1645 1783 1692 in
1812 1645 1917 1692 libri
1938 1645 1960 1692 Ι
1981 1645 2112 1693 initio
2135 1647 2385 1696 nonnullae

400 1731 649 1779 verborum
672 1726 1016 1790 explicationes,
1041 1742 1158 1787 quae
1182 1733 1309 1773 certo
1333 1726 1444 1773 nihil
1467 1727 1527 1773 ad
1548 1742 1646 1773 rem
1668 1725 1860 1783 faciunt,
1890 1726 2022 1773 lineis
2045 1727 2385 1791 superscriptae

400 1810 709 1874 reperiuntur.
775 1806 1022 1853 Praeterea
1045 1823 1325 1867 quamquam
1346 1823 1552 1869 perraro,
1581 1814 1737 1853 tamen
1768 1806 1843 1852 hic
1875 1806 1965 1852 illic
1998 1807 2045 1852 in
2068 1807 2260 1853 alteram
2280 1824 2385 1855 cor·-

400 1890 593 1938 rectoris
616 1904 804 1935 manum
828 1886 1016 1943 offendi,
1047 1887 1292 1932 atramenti
1323 1886 1476 1933 colore
1506 1886 1763 1950 pusillaque
1785 1887 2023 1933 literarum
2053 1887 2203 1933 forma
2223 1904 2383 1936 recen·

399 1972 529 2017 tioris
553 1969 716 2015 aetatis
740 1967 939 2030 speciem
962 1967 1271 2012 exhibentem.
1335 1966 1535 2013 Difficile
1558 1974 1671 2023 erat,
1696 1967 1866 2027 ubique
1888 1974 2016 2013 certo
2038 1968 2207 2013 iudicio
2226 1969 2384 2016 decer-

401 2067 525 2107 nere,
557 2066 669 2095 num
697 2048 876 2093 literam
906 2047 1106 2108 aliquam
1139 2048 1268 2109 (nam
1298 2048 1355 2093 de
1384 2047 1537 2093 verbis
1567 2063 1661 2092 non
1693 2063 1828 2110 saepe
1851 2054 2016 2093 exorta
2037 2054 2108 2093 est
2137 2048 2383 2112 dubitatio)

399 2133 548 2196 prima
569 2148 629 2176 an
653 2129 858 2175 secunda
878 2144 1042 2173 manus
1067 2128 1316 2191 scripserit,
1348 2128 1456 2188 quia
1479 2134 1636 2173 utrum
1665 2127 1838 2189 aliquid
1865 2143 2048 2174 erasum
2076 2127 2151 2185 sit,
2184 2145 2243 2174 an
2272 2145 2384 2176 con·

399 2213 573 2258 ditione
604 2210 896 2255 membranae
926 2208 1143 2271 primaria
1171 2225 1336 2271 parum
1364 2208 1477 2254 levis
1507 2208 1623 2253 falso
1654 2215 1989 2254 commutatum
2018 2209 2258 2271 adpareat,
2290 2223 2385 2256 non

401 2293 560 2354 utique
585 2291 694 2337 satis
718 2290 936 2336 adcurate
961 2289 1242 2351 distinguere
1265 2289 1376 2335 mihi
1398 2288 1605 2351 contigit.
1672 2288 1913 2336 Scribendi
1934 2295 2090 2335 autem
2111 2291 2384 2353 conpendia,

401 2392 428 2420 a
450 2374 598 2437 prima
620 2388 760 2417 manu
784 2370 999 2426 adhibita,
1025 2370 1234 2431 quamvis
1257 2386 1419 2432 pauca,
1451 2371 1547 2415 fere
1569 2370 1684 2416 haec
1708 2377 1837 2416 sunt:
1876 2386 1931 2416 us
1953 2370 2000 2415 in
2022 2370 2115 2415 fine
2136 2371 2386 2419 verborum

401 2452 773 2516 interpunctione
791 2457 972 2496 tantum
997 2450 1295 2512 significatur,
1318 2450 1447 2497 velut
1465 2450 1589 2511 quib,
1611 2466 1663 2491 τε
1683 2451 1866 2511 quibus,
1889 2467 1937 2497 m
1952 2450 2086 2496 litera
2107 2466 2243 2514 saepe
2265 2452 2387 2500 linea

402 2533 714 2597 superscripta
736 2531 979 2586 indicatur,
1002 2531 1130 2576 velut
1153 2537 1246 2591 que*
1265 2552 1318 2572 =
1342 2547 1494 2592 quem,
1527 2530 1693 2591 quavis
1711 2546 1765 2573 ===
1784 2530 2015 2591 quamvis3
2055 2538 2294 2593 praeterea
2313 2533 2384 2580 in-

401 2614 507 2661 veni
546 2629 589 2673 q;
611 2633 663 2653 =
682 2628 788 2673 que,
828 2613 1064 2674 peterentL
1082 2631 1135 2651 =
1153 2617 1445 2672 peterentur,
1486 2609 1650 2655 elenita
1667 2630 1720 2651 =
1738 2610 1984 2666 elementa,
2034 2610 2121 2656 nia
2139 2631 2192 2652 τι
2210 2619 2384 2670 nostra,

401 2693 504 2740 onia
520 2714 574 2735 =
592 2692 760 2748 omnia,
801 2691 1029 2738 csuetudo
1053 2712 1101 2732 =
1120 2690 1408 2736 consuetudo
1422 2726 1433 2746 ,
1473 2690 1541 2736 au*
1545 2698 1566 2736 t
1583 2711 1635 2732 =
1653 2696 1824 2746 autem,
1865 2674 1968 2736 subs
1982 2709 2036 2732 ε
2053 2697 2176 2747 sunt,
2215 2692 2313 2756 reip
2330 2713 2388 2737 a:

401 2773 690 2837 reipublicae,
715 2788 844 2835 semp
863 2793 916 2814 =
935 2788 1129 2834 semper,
1150 2771 1248 2817 onis
1268 2792 1321 2813 π
1339 2787 1498 2817 omnes
1511 2807 1522 2828 ‚
1541 2772 1596 2817 ee
1615 2787 1669 2813 --.··-
1686 2787 1802 2827 esse,
1821 2776 1861 2816 n‘
1864 2770 1974 2817 dum
1991 2792 2046 2813 ·..-..=
2063 2772 2283 2829 nondum,
2297 2779 2389 2837 ,ppt

401 2861 669 2920 :propter,
693 2852 783 2899 dfio
796 2852 1061 2909 :domino,
1086 2867 1256 2911 aeg=ae3
1277 2852 1437 2898 &=et
1458 2867 1648 2916 perraro
1672 2866 1700 2898 a
1720 2850 1869 2915 prima
1884 2865 2025 2898 manu
2043 2852 2266 2917 scriptum
2281 2869 2385 2918 rep·
