2766 3345
582 191 872 257 Scripturam
886 188 1058 237 codicis
1079 189 1371 236 Ambrosiani
1390 190 1525 255 primi
1548 188 1781 248 „ediscat”
1803 206 1897 237 non
1933 197 2017 249 est,
2048 207 2134 238 cur
2154 192 2364 256 repudie-

390 288 509 320 mus.
533 298 598 308 --
616 270 813 317 Variant
832 269 1031 314 editores
1053 276 1135 314 aut
1156 269 1461 325 „scabellum”
1484 277 1566 315 aut
1589 269 1886 326 „scabillum”
1908 272 2195 333 recipientes.
2230 271 2362 317 Hanc

389 351 693 417 posteriorem
713 349 930 406 formam,
966 355 1289 412 praeterquam
1323 350 1450 411 quod
1481 349 1632 396 codex
1665 349 1823 395 Ambr.
1853 352 1874 395 1
1914 350 2130 397 exhibere
2162 351 2361 407 videtur,

390 429 655 481 Turieensis
691 429 895 493 praebet.
976 427 1222 486 Quaeritur
1259 443 1405 487 nunc,
1453 435 1559 476 utra
1606 428 1700 476 utri
1737 429 1913 476 formae
1949 431 2252 493 praeferenda
2289 429 2361 477 sit.

391 505 807 559 Grammaticorum
826 507 1090 556 testimonia
1109 507 1223 556 haec
1246 515 1374 556 sunt:
1409 508 1513 558 Ter.
1539 507 1697 556 Scaur.
1721 526 1766 571 p.
1793 510 1932 556 2252.
1973 509 2079 567 „alii
2099 509 2361 573 Scapillum,

391 590 469 637 alii
489 589 735 637 Scabillum
757 587 961 636 dicunt.”
1026 587 1171 635 Prisc.
1194 606 1240 652 p.
1268 590 1357 635 615
1381 589 1453 636 ed.
1476 588 1528 636 P.
1554 604 1839 646 ‚‚scamnum‚
1863 590 2173 636 scamnellum.
2223 590 2360 653 Apul.

391 671 439 718 in
461 670 484 717 I
512 670 843 733 Hermagorae:
879 685 1071 727 „verum
1101 668 1284 715 infirma
1314 668 1623 716 scamillorum
1645 668 1775 716 obice
1807 669 1950 716 fultae
1978 669 2146 717 fores.''
2210 670 2361 717 Diom.

391 769 437 815 p.
458 752 547 798 312
580 751 651 798 ed.
681 750 734 798 P.
767 749 1050 808 „masculina
1078 749 1126 796 in
1154 766 1210 796 us
1238 764 1351 796 casu
1381 749 1664 796 nominativo
1686 749 1931 796 terminata
1960 757 2007 796 et
2029 757 2196 797 neutra
2215 750 2263 796 in
2286 766 2362 796 um

390 831 520 878 finita
540 832 699 878 eadem
714 832 764 877 ul
776 830 996 894 syllabam
1011 828 1253 893 recipiunt,
1275 836 1330 875 ut
1345 844 1506 891 agnus,
1529 828 1739 890 agnulus,
1759 845 2010 887 scamnum,
2030 828 2360 876 scamnulum.”

391 911 600 957 Incertus
634 912 691 957 de
713 909 930 971 Orthogr.
962 927 1008 973 p.
1034 911 1174 955 2799.
1210 908 1459 966 ,‚Scabella,
1492 925 1611 970 quae
1651 908 1780 955 lectis
1811 910 2013 972 parvulis
2042 910 2116 956 vel
2153 910 2273 956 sellis
2303 910 2361 954 ob

391 1006 633 1038 ascensum
654 996 964 1053 apponuntur.
1030 988 1288 1035 Scabellum
1308 995 1463 1034 autem
1484 995 1531 1034 et
1551 987 1905 1051 Suppedaneum
1927 989 2108 1046 dicitur,
2132 990 2256 1051 quod
2274 989 2359 1035 sub

390 1070 582 1135 pedibus
605 1065 707 1117 sit.”
770 1069 845 1116 Ex
865 1068 1267 1131 grammaticorum
1286 1068 1559 1115 testimoniis
1580 1068 1646 1114 ita
1666 1068 1929 1115 constitutis
1945 1084 2019 1115 res
2042 1069 2225 1115 difficile
2247 1084 2358 1115 con-

390 1150 490 1198 fieri
509 1150 692 1214 poterit.
758 1149 838 1195 Sin
865 1165 976 1196 vero
1006 1165 1215 1195 normam
1252 1148 1425 1210 exigas,
1465 1148 1541 1194 cui
1581 1148 1767 1210 quidem
1804 1148 1948 1194 altera
1985 1149 2360 1195 diminutivorum

390 1233 540 1278 forma
561 1230 825 1286 subiciatur,
857 1228 969 1274 nihil
996 1229 1159 1285 habeo,
1192 1229 1318 1289 quod
1340 1229 1643 1291 suppeditem,
1674 1229 1763 1274 nisi
1783 1228 1928 1274 Prisc.
1959 1246 2004 1291 p.
2032 1232 2122 1274 615
2153 1229 2357 1274 testimo-

389 1310 532 1367 nium,
555 1310 680 1370 quod
701 1325 751 1355 re
768 1308 869 1370 ipsa
890 1307 1076 1370 probari
1095 1307 1292 1354 videtur.
1359 1306 1564 1364 „Neutra
1585 1324 1770 1368 quoque
1792 1308 1839 1353 in
1872 1325 1980 1353 num
2002 1307 2257 1354 desinentia
2282 1324 2358 1368 ge-

389 1390 569 1437 minant
587 1389 635 1434 in
657 1388 955 1433 diminutione
976 1387 994 1432 l
1015 1393 1121 1432 ante
1142 1403 1220 1432 um
1241 1394 1288 1433 et
1318 1387 1357 1433 si
1387 1403 1417 1448 g
1445 1388 1646 1433 habeant
1674 1394 1780 1433 ante
1804 1405 1849 1443 n,
1881 1388 1928 1432 in
1956 1388 2238 1450 paenultima
2269 1388 2358 1450 syl-

389 1470 495 1518 laba
522 1466 779 1517 diminutivi
806 1466 835 1524 i,
868 1484 963 1513 non
994 1483 1035 1524 e,
1066 1466 1309 1530 accipiunt,
1341 1473 1392 1513 ut
1425 1466 1634 1528 „tignum
1662 1466 1870 1529 tigillum,
1902 1467 2084 1529 signum
2117 1466 2357 1529 sigillum.”

388 1551 617 1598 Incertam
648 1550 888 1594 dumtaxat
914 1547 1109 1593 formam
1147 1549 1313 1593 addere
1350 1548 1524 1593 licebit:
1560 1548 1765 1609 „lignum
1802 1548 2036 1608 ligillum'',
2076 1565 2217 1609 quam
2256 1550 2355 1593 cod.

389 1631 517 1680 Leid.
534 1628 672 1677 Nonii
698 1647 744 1691 p.
773 1629 862 1674 134
889 1628 1098 1690 praebet3
1132 1634 1309 1674 ceteros
1340 1627 1521 1675 codices
1551 1626 1810 1690 „figellum”
1842 1628 2059 1676 exhibere
2089 1646 2150 1676 ex
2179 1628 2357 1676 silentio

389 1711 545 1760 Rothii
573 1717 620 1755 et
647 1708 859 1755 Gerlachi
889 1707 1207 1754 coniciendum
1236 1724 1335 1754 esse
1366 1708 1563 1754 videtur.
1627 1707 1788 1769 Neque
1820 1709 1933 1755 mihi
1968 1716 2242 1772 conpertum
2272 1716 2356 1765 est,

392 1791 502 1853 quid
523 1787 682 1851 optimi
701 1787 805 1833 libri
826 1788 949 1850 apud
969 1786 1119 1834 Plaut.
1143 1787 1248 1834 Aul.
1271 1787 1328 1834 Π.
1353 1789 1397 1833 4.
1422 1789 1497 1833 22.
1520 1787 1568 1833 in
1589 1787 1675 1834 hac
1698 1788 1848 1834 forma
1868 1790 2069 1835 tradant.
2111 1787 2215 1836 Huc
2241 1806 2354 1849 quo-

391 1886 480 1933 que
502 1868 769 1916 referendus
792 1873 863 1913 est
895 1883 1121 1930 ‚‚pugnus,
1153 1866 1395 1930 pugillus’'.
1462 1865 1516 1913 In
1544 1867 1670 1914 hisce
1699 1868 1935 1915 vocabulis
1967 1869 2201 1926 omnibus,
2241 1886 2355 1930 quo-

389 1966 493 1999 rum
515 1948 675 1995 ultima
695 1947 868 2011 syllaba
889 1963 920 1992 n
941 1947 1073 1993 litera
1093 1946 1253 2010 incipit
1273 1955 1381 2011 post
1402 1962 1432 2009 g
1454 1948 1814 2004 antecedentem,
1841 1948 2111 1995 diminutiva
2132 1950 2293 2006 forma,
2325 1965 2355 1994 n

387 2031 519 2079 litera
540 2028 722 2084 reiecta,
745 2027 937 2073 eandem
959 2032 1289 2072 commonstrat
1318 2027 1709 2085 terminationem;
1745 2043 1896 2090 neque
1926 2029 2038 2075 mihi
2068 2029 2278 2093 exempla
2308 2029 2356 2075 in

388 2116 606 2175 promptu
628 2114 751 2163 sunt,
776 2122 893 2168 quae
913 2107 1021 2152 huic
1044 2122 1231 2152 normae
1252 2108 1572 2168 grammaticae
1592 2108 1894 2169 refragentur.
1940 2108 2090 2165 Quare
2112 2110 2237 2155 haud
2260 2110 2355 2156 scio

390 2205 450 2237 an
477 2188 583 2235 illuc
615 2202 896 2245 ‚‚scamnum‚
927 2184 1191 2234 scabillum”
1226 2186 1476 2250 pertineat,
1515 2187 1591 2234 cui
1620 2187 1805 2250 quidem
1838 2205 1932 2235 non
1972 2189 2058 2236 nisi
2092 2189 2353 2248 ,‚columna,

390 2267 656 2317 columella”
686 2283 941 2331 repugnare
971 2267 1167 2313 videtur.
1232 2267 1323 2313 Sed
1350 2268 1583 2314 evanescit
1610 2268 1724 2315 haec
1756 2248 2044 2332 repugnandi
2074 2271 2273 2333 species,
2316 2271 2356 2317 si

390 2349 475 2396 niti
493 2348 602 2395 licet
619 2347 880 2395 testimonio
902 2347 950 2393 in
971 2347 1214 2394 Forcellini
1229 2347 1379 2394 lexico
1400 2355 1598 2411 reperto,
1630 2350 1756 2410 quod
1777 2350 1893 2396 falso
1917 2349 2072 2406 Quint.
2089 2349 2125 2396 Ι.
2147 2354 2189 2396 7.
2207 2352 2355 2397 tribu-

389 2437 490 2476 tum
512 2435 596 2486 est,
619 2444 769 2489 neque
791 2427 900 2484 scio,
932 2428 1054 2474 unde
1083 2428 1277 2490 petitum
1309 2427 1380 2473 sit.
1449 2427 1599 2485 „Olim
1628 2436 1782 2475 autem
1811 2430 2026 2476 columna
2055 2431 2356 2489 scribebatur,

388 2510 497 2556 lieet
525 2509 707 2554 columa
733 2506 1128 2571 pronuntiarent,”
1160 2508 1282 2553 unde
1314 2507 1628 2564 „columella”
1692 2510 1885 2556 Accedit
1914 2511 2038 2571 quod
2066 2510 2111 2567 ii,
2146 2512 2226 2572 qui
2256 2528 2357 2559 sca-

388 2589 497 2635 billa
517 2588 694 2633 faciunt
713 2588 760 2633 in
784 2604 918 2633 usum
945 2587 1184 2633 tibicinum
1212 2593 1261 2633 et
1288 2603 1466 2644 scenae,
1494 2588 1568 2633 vel
1598 2589 1752 2651 potius
1785 2590 1865 2650 qui
1894 2590 2089 2635 scabillis
2117 2591 2358 2654 pulsandis

389 2685 577 2733 operam
599 2668 724 2726 dant,
758 2667 1013 2715 scamillarii
1046 2675 1093 2714 et
1120 2668 1360 2714 scabillarii
1389 2668 1619 2726 dicuntur,
1650 2676 1703 2714 ut
1733 2685 1793 2715 ex
1821 2670 2212 2733 inscriptionibus,
2243 2689 2357 2735 quas

387 2749 522 2797 Forc.
556 2765 592 2794 s.
621 2763 737 2795 voce
768 2749 930 2806 adfert,
965 2755 1106 2811 patet.
1171 2748 1415 2800 Praeterea
1449 2748 1631 2795 codices
1665 2750 1969 2811 antiquissimi
1999 2758 2046 2797 et
2076 2752 2357 2814 integerrimi

387 2829 442 2877 iis
463 2828 591 2886 locis,
623 2828 791 2889 quibus
817 2846 913 2876 vox
941 2828 1017 2875 illa
1038 2829 1292 2885 adhibetur,
1321 2829 1369 2876 in
1391 2829 1613 2875 auxilium
1633 2830 1831 2876 vocandi
1860 2837 1982 2876 sunt.
2050 2830 2153 2888 Qua
2173 2850 2224 2879 re
2245 2849 2356 2879 con-
