2766 3345
1385 45 1422 94 8

476 239 525 300 6)
549 237 716 292 Danda
738 244 809 284 est
830 244 975 287 autem
996 237 1164 299 aliqua,
1188 236 1311 299 (offlb
1332 237 1497 301 lin..m‚
1516 234 1550 285 >2
1575 238 1933 303 superscripsit.)

474 321 520 364 4.
542 319 591 379 5)
615 318 801 381 copiose
824 324 871 363 et
891 318 1092 380 proprie,
1117 317 1228 379 (nisi
1248 317 1384 363 fallor
1405 320 1519 363 ιιι-2
1545 319 1657 379 scr.)

450 398 530 460 12)
555 397 707 456 Quare
730 396 902 444 ediscat
921 412 1053 461 puer.

451 479 530 539 13)
554 478 673 524 mille
697 476 802 524 talia

450 558 530 618 16)
546 556 758 619 polirem

474 641 517 684 5.
539 638 588 698 5)
612 636 781 683 acriter
801 652 973 698 semper
994 635 1107 682 illud

449 717 528 778 13)
553 716 731 763 etiamsi
753 723 824 763 est
845 715 892 761 in
914 714 1239 761 transmutatio
1653 773 1658 776 ῃ

446 798 528 858 31)
554 796 772 857 quoniam
794 796 954 841 eadem
975 795 1098 840 flexa
1119 801 1166 840 et
1188 800 1337 840 acuta.
1406 795 1554 856 (Haec
1577 795 1719 841 verba
1749 811 1845 842 non
1875 796 2176 842 inveniuntur
2206 797 2253 843 in
2286 800 2388 845 cod.

552 878 593 922 A
621 879 641 921 1
669 892 820 935 neque
842 875 1010 920 lacuna
1032 883 1257 937 superest,
1282 892 1374 936 qua
1395 875 1568 936 ahquid
1590 875 1811 921 omissum
1833 891 1934 921 esse
1956 876 2221 937 indicetur.)

446 958 527 1017 51)
552 956 634 1002 Est
653 955 772 1001 enim
795 955 1108 1001 soloecismus.

446 1038 527 1098 52)
552 1036 798 1098 megalesia

446 1119 528 1179 55)
554 1124 606 1162 ut
626 1116 852 1173 homines,
875 1123 927 1161 ut
944 1114 1138 1161 instituto

447 1200 529 1259 56)
561 1196 784 1243 Vetticium

448 1280 529 1338 61)
554 1294 633 1323 τωο
654 1277 874 1321 miremur
898 1276 1109 1336 (membr.
1134 1276 1230 1320 abr.
1254 1292 1315 1320 m.
1341 1277 1407 1336 2.)

448 1359 529 1417 65)
555 1364 635 1402 aut
657 1356 837 1401 duabus
862 1355 995 1415 quasi
1018 1355 1289 1417 corporibus

448 1439 529 1497 68)
554 1444 708 1482 autem
730 1442 811 1481 aut
833 1451 885 1480 ex
908 1435 1089 1480 duobus

447 1518 529 1576 69)
553 1523 599 1561 et
621 1514 771 1578 erepti
787 1531 848 1560 m.
875 1516 901 1559 2

448 1597 530 1657 71)
555 1596 692 1641 etiam
714 1593 912 1656 iniquius
936 1600 1134 1650 exeunt3
1177 1594 1354 1655 (nescio
1386 1611 1444 1639 an
1482 1611 1511 1639 u
1543 1594 1590 1639 in
1622 1595 1850 1641 vocabulo
1874 1593 2133 1657 „iniquius”
2156 1594 2299 1641 altera
2329 1611 2389 1642 ex

552 1676 640 1721 alia
660 1675 792 1720 litera
813 1681 950 1720 enata
972 1674 1045 1729 sit,
1069 1681 1193 1719 certe
1216 1674 1364 1737 prima
1384 1691 1549 1720 manus
1572 1675 1792 1738 scripsit.)

474 1760 516 1803 6.
538 1758 586 1817 7)
610 1756 884 1819 productam
905 1754 1100 1799 habeant

473 1838 523 1897 8)
548 1836 686 1883 fervit
708 1852 829 1896 aqua
850 1841 898 1881 et
919 1833 1058 1881 fervit
1080 1835 1140 1881 ad
1162 1851 1336 1881 annum

449 1918 528 1977 13)
552 1923 710 1979 patros
733 1915 875 1978 patris
899 1931 1036 1977 apros
1060 1914 1160 1977 apri

450 1998 527 2058 14)
554 2003 606 2041 ut
628 2013 718 2041 non
741 1995 950 2056 quamvis
973 1994 1194 2040 feminina
1217 1994 1438 2057 singulari
1460 1994 1743 2042 nominativo
1764 2011 1813 2041 os

448 2078 527 2138 17)
551 2076 800 2123 Inhaerent
821 2082 975 2121 tamen
998 2073 1042 2120 ei
1061 2074 1249 2135 quidam

444 2158 526 2219 21)
549 2157 779 2203 litteratus
803 2154 902 2218 quis
924 2171 979 2201 ow
1001 2153 1202 2218 aspirata

445 2240 526 2300 22)
550 2238 707 2300 sulpur
730 2243 886 2282 autem
908 2242 955 2282 et
976 2242 1138 2297 guttur

548 2318 748 2363 litteram
770 2316 983 2377 genetivo

446 2399 526 2458 23)
552 2413 691 2458 quam
716 2396 754 2442 si
777 2395 976 2458 sulpuris
1001 2402 1048 2441 et
1070 2395 1512 2456 gutturisubigerent
1532 2395 1580 2442 in
1603 2396 1831 2457 genetivo,
1854 2413 1910 2443 su
1930 2413 1992 2441 m.
2018 2398 2061 2442 2.

550 2477 650 2523 fieri
671 2476 773 2523 vult
794 2492 845 2522 ex
877 2474 944 2521 his
975 2475 1110 2521 ebura
1140 2475 1304 2521 robora
1333 2492 1584 2532 marmora3
1625 2475 1782 2523 literae
1814 2476 1961 2523 lineae
1993 2476 2329 2540 superscriptae
2360 2495 2390 2523 a

551 2574 611 2602 m.
632 2559 674 2602 2.
699 2557 802 2602 loco
826 2571 1039 2616 magnam
1061 2562 1240 2618 partem
1262 2555 1442 2611 abraso,
1465 2555 1633 2618 partim
1654 2556 1702 2601 in
1725 2557 1930 2619 margine
1954 2556 2220 2602 conlocatae
2242 2558 2388 2618 sunt.)

447 2640 523 2683 24.
548 2637 666 2683 limes
704 2635 828 2682 miles
865 2635 1016 2681 militas
1056 2634 1205 2681 limitis
1243 2634 1373 2681 iudex
1411 2635 1571 2682 iudicis
1582 2654 1598 2691 ,-
1646 2636 1780 2698 (haec
1818 2638 1962 2683 verba
1999 2653 2028 2682 a
2062 2637 2211 2700 prima
2247 2654 2388 2684 manu

552 2718 719 2763 omissa
741 2734 768 2762 a
791 2717 996 2763 secunda
1017 2732 1158 2762 manu
1181 2716 1349 2779 partim
1370 2716 1491 2763 inter
1513 2716 1657 2764 lineas
1673 2717 1840 2780 partim
1862 2718 1909 2764 in
1931 2717 2135 2780 margine
2158 2717 2389 2782 adscriPta

552 2798 696 2857 sunt)

445 2880 527 2939 37)
553 2877 698 2924 dictos
722 2878 872 2923 volunt
890 2877 1168 2940 persuadere
1193 2876 1419 2924 Ciceroni.
