2766 3345
395 186 560 234 feret.’'
624 190 669 234 2.
692 190 765 234 16.
801 187 902 245 „Ita
921 203 1014 234 non
1034 178 1203 234 erimus
1224 186 1277 233 in
1293 186 1477 233 turba.”
1543 189 1587 233 3.
1607 190 1651 235 8.
1687 188 1882 247 „Danda
1901 194 1974 236 est
1994 178 2138 235 auoem
2159 186 2373 234 omnibus

397 268 552 329 aliqua
580 266 834 315 remissio.'’
900 270 945 313 4.
966 270 1010 314 5.
1046 266 1351 328 „Eloquentia
1380 283 1567 329 quoque
1595 285 1691 315 non
1719 268 1941 315 mediocri
1969 275 2040 316 est
2066 282 2199 332 opus,
2234 273 2289 313 ut
2316 266 2373 313 de

397 362 677 409 unaquaque
698 362 872 403 earum,
897 362 1011 407 quas
1033 345 1464 402 demonstravimus,
1486 360 1645 393 rerum
1666 347 1790 393 dicat
1811 347 1984 411 copt‘oee
2004 354 2047 394 et
2057 339 2258 411 proprie.

586 426 748 473 Utram
767 426 893 472 enim
915 425 1191 489 scripturam
1212 425 1418 487 sequeris
1441 431 1524 471 aut
1546 427 1745 488 quae'ab
1767 427 2019 475 editoribus
2049 443 2110 474 ex
2140 426 2375 475 codicibus

396 506 699 556 deterioribus
721 511 907 569 recepta
927 511 1013 562 est,
1037 511 1118 551 aut
1140 521 1258 567 quae
1281 504 1442 569 optimi
1462 505 1567 552 libri
1583 496 1852 554 'auctoritati
1868 507 1954 554 soli
1969 507 2055 555 niti
2069 507 2267 566 videtur,
2284 506 2374 554 uti·

396 603 486 649 que
525 587 697 648 aliquid
716 601 801 650 per
825 601 874 633 se
895 585 1130 649 probabile
1153 585 1380 633 efficietur
1399 601 1545 649 parva
1571 592 1654 632 aut
1680 587 1777 633 fere
1805 586 2214 635 nullasententiae
2245 587 2373 635 diffe-

394 666 556 724 rentia,
585 681 737 727 neque
767 672 909 729 patet,
941 672 1048 712 utra
1076 682 1136 712 ex
1167 671 1273 712 utra
1301 665 1438 712 lectio
1466 665 1645 713 facilius
1675 666 1831 713 enasci
1858 667 2101 730 potuerit.⁸>
2141 666 2304 730 Itaque
2337 668 2376 715 si

394 764 556 794 revera
584 746 735 794 codex
762 747 975 794 Ambros.
1013 749 1054 793 1.
1086 764 1114 793 a
1145 745 1470 809 depravatione
1501 745 1700 794 maxime
1728 753 1934 794 remotus
1964 754 2049 805 est,
2088 747 2232 796 verba
2259 748 2373 807 eius,

395 828 549 889 quoad
571 827 691 885 licet,
714 826 913 874 retinere
936 826 1117 874 cautius
1139 826 1239 873 erit.

585 987 792 1033 Transeo
813 1002 938 1032 nunc
961 986 1021 1032 ad
1040 986 1168 1032 locos
1192 987 1417 1047 quosdam
1445 992 1704 1049 corruptos,
1737 1001 1935 1047 quorum
1956 986 2271 1049 depravationi
2293 1002 2370 1034 co·

393 1066 506 1114 dicis
528 1066 823 1113 Ambrosiani
843 1066 979 1130 primi
1002 1066 1275 1113 auctoritate
1297 1066 1425 1113 nisus
1447 1066 1624 1113 mederi
1643 1067 1860 1114 conabor.
2058 1060 2061 1065 ⁵

584 1147 620 1194 I.
650 1150 690 1193 1.
711 1149 786 1194 23.
823 1149 927 1204 „An
950 1146 1204 1210 Philippus,
1234 1147 1540 1194 Macedonum
1567 1138 1675 1204 rex,
1698 1146 1964 1194 Alexandro
1993 1146 2088 1194 filio
2110 1163 2195 1195 suo
2223 1148 2372 1211 prima

391 1228 630 1273 literarum
652 1227 878 1273 elementa
903 1227 1024 1273 tradi
1053 1228 1111 1273 ab
1142 1227 1410 1284 Aristotele,
1443 1243 1622 1273 summo
1652 1226 1750 1272 eius
1782 1227 1944 1272 aetatis
1966 1227 2254 1291 philosopho,
2285 1244 2370 1274 vo-

391 1307 568 1364 luisset,
607 1314 689 1352 aut
716 1307 790 1352 ille
823 1307 1102 1370 suscepisset
1128 1307 1217 1353 hoc
1246 1307 1466 1364 officium,
1504 1307 1545 1353 si
1574 1323 1669 1352 non
1699 1306 1957 1352 studiorum
1985 1307 2115 1353 initia
2141 1314 2189 1353 et
2217 1325 2245 1353 a
2264 1323 2369 1371 per-

390 1388 642 1434 fectissimo
664 1386 822 1432 horam
845 1387 1015 1451 optime
1036 1387 1226 1433 tractari
1242 1394 1289 1433 et
1306 1388 1537 1451 pertinere
1559 1387 1618 1432 ad
1640 1379 1866 1432 summam
1889 1387 2157 1433 credidisset
2166 1386 2216 1433 ?’'
2251 1387 2369 1450 (Scr.

392 1469 495 1515 cod.
518 1469 676 1514 Ambr.
705 1470 746 1513 l.
769 1467 799 1513 Ιι
830 1468 878 1513 in
906 1468 1134 1514 vocabulo
1165 1466 1383 1525 „horum”
1413 1468 1517 1514 loco
1546 1468 1711 1513 abraso
1740 1483 1769 1512 a
1797 1484 1939 1513 manu
1966 1468 2171 1514 secunda
2200 1468 2371 1532 scripta

391 1549 590 1606 videtur,
612 1549 676 1594 ita
698 1554 750 1594 ut
772 1555 907 1595 antea
930 1549 1047 1595 duae
1069 1548 1144 1595 vel
1159 1554 1254 1595 tres
1276 1539 1433 1595 literae
1451 1548 1739 1612 conscriptae
1757 1548 1899 1595 fuisse
1915 1548 2164 1612 potuerint.
2204 1548 2369 1596 Utrum

391 1645 532 1693 porro
553 1645 639 1693 pro
665 1628 749 1686 „e”
773 1629 821 1675 in
855 1627 1085 1692 „optime”
1117 1635 1254 1675 antea.
1290 1645 1318 1675 a
1353 1629 1502 1692 prima
1539 1644 1680 1676 manu
1720 1627 1808 1686 „0”
1848 1628 2072 1676 collocata
2108 1629 2262 1687 fuerit,
2301 1629 2367 1676 di-

392 1725 616 1772 gnoscere
639 1726 733 1756 non
755 1708 923 1772 potui.)

581 1868 634 1915 In
656 1868 781 1915 libris
805 1868 1122 1926 deterioribus,
1154 1884 1433 1931 quamquam
1459 1868 1627 1932 partim
1654 1868 1954 1933 perantiquae
1982 1868 2169 1932 originis
2182 1905 2193 1927 ,
2225 1868 2371 1916 veluti

388 1949 740 2010 Bambergensis
777 1964 895 1995 saec.
925 1947 983 1994 X.
1027 1948 1095 2010 (m
1132 1965 1224 2010 qua
1262 1949 1630 2012 superscriptum
1662 1948 1830 2011 legitur
1860 1947 2106 2010 „horum'’)
2130 1965 2218 2012 -pro
2254 1949 2367 2006 „ho-

389 2028 522 2075 rum”
548 2029 777 2093 scriptura
801 2028 1045 2091 „quoque”
1068 2029 1311 2093 reperitur,
1344 2045 1461 2091 quae
1487 2030 1544 2075 ab
1567 2029 1781 2075 omnibus
1802 2029 1899 2075 fere
1921 2029 2173 2076 editoribus
2194 2036 2367 2076 temere

389 2116 575 2173 recepta
597 2126 698 2156 esse
731 2109 928 2157 videtur.
994 2108 1112 2157 Nam
1142 2117 1266 2157 certe
1296 2126 1391 2157 non
1420 2110 1713 2172 intellegitur,
1746 2125 1946 2171 quacum
1976 2110 2368 2157 verisimilitudine

388 2189 666 2237 vocabulum
689 2188 950 2252 „quoque'',
984 2191 1109 2252 quod
1131 2206 1215 2254 per
1250 2206 1297 2238 se
1325 2207 1491 2254 parum
1512 2190 1703 2255 praebet
1722 2189 2005 2248 offensionis,
2036 2196 2369 2237 commutatum

389 2270 448 2317 sit
468 2271 516 2317 in
541 2269 781 2328 „horum”,
806 2271 931 2333 quod
952 2271 1041 2317 hoc
1064 2271 1167 2318 loco
1189 2271 1300 2318 ferri
1322 2271 1502 2333 nequit3
1535 2270 1715 2317 facilius
1737 2286 1850 2318 vero
1873 2277 2049 2317 contra.
2116 2269 2234 2317 Cum
2254 2285 2367 2317 vero

387 2350 617 2399 Mannerti
645 2350 931 2412 aliorumque
969 2352 1366 2399 observationibus
1405 2351 1706 2415 diplomaticis
1745 2358 1941 2409 constet,
1973 2349 2137 2413 „phia”
2163 2366 2366 2415 conpen-

390 2432 464 2477 dio
498 2430 842 2495 „philosophia”
879 2432 1174 2489 indicavisse,
1213 2432 1372 2493 quidni
1403 2430 1660 2495 „phorum”
1684 2451 1738 2473 =
1759 2431 2167 2495 philosophorum?
2217 2429 2366 2487 Quae-

388 2512 506 2556 ritur
534 2512 687 2572 igitur,
718 2512 992 2557 credibilene
1024 2513 1084 2558 sit
1113 2512 1422 2574 conpendium
1453 2510 1710 2573 „phorum”
1738 2528 1825 2574 pro
1860 2510 2295 2573 „philosophorum”
2317 2505 2368 2557 in

389 2592 639 2654 archetypo
670 2592 842 2637 codicis
864 2593 1077 2638 Ambros.
1105 2595 1144 2637 1.
1178 2592 1399 2637 extitisse.
1466 2591 1602 2648 Quod
1632 2592 1672 2637 si
1699 2592 1764 2638 ita
1790 2598 1876 2648 est,
1908 2609 2001 2636 una
2030 2591 2164 2637 litera
2193 2591 2367 2638 sufficit

387 2674 448 2717 ad
479 2673 752 2734 scripturam
784 2674 955 2718 codicis
983 2674 1277 2719 Ambrosiani
1304 2673 1441 2735 primi
1468 2674 1688 2728 tuendam
1716 2673 1981 2732 iustumque
2020 2689 2207 2718 sensum
2237 2673 2364 2717 evin-

386 2755 599 2800 cendum.
