2766 3345
638 160 745 206 719.
781 157 980 221 „quippe
1003 173 1036 218 q
1055 173 1150 204 non
1171 163 1356 205 constat
1375 157 1507 205 aliter
1528 174 1668 219 quam
1688 156 1867 203 duabus
1889 171 1916 203 c
1938 163 1986 204 et
2006 174 2058 214 u;

633 239 664 284 b
686 238 817 284 velut
834 237 910 284 vel
929 237 976 294 k,
1000 238 1126 298 quod
1145 254 1247 284 esse
1270 255 1301 299 q
1320 238 1457 285 vides*
1470 237 1588 284 muti
1609 237 1736 293 soni3

631 317 760 364 velut
782 333 814 379 q
832 324 894 374 et,
927 332 954 363 c
977 332 1162 378 quoque
1185 325 1233 364 et
1253 335 1317 364 uu
1337 318 1518 381 plenius
1541 318 1668 379 quod
1688 325 1794 380 post
1814 318 2004 363 modum

633 397 698 444 sic
720 397 768 443 in
790 414 932 444 unam
952 413 985 459 q
1005 397 1217 444 redactae
1239 404 1555 460 congruerunt
1574 397 1789 454 litteram,

629 478 781 540 portio
804 483 857 523 ut
877 492 1002 524 nunc
1025 478 1322 524 consonantis
1345 494 1378 523 u
1397 477 1545 525 videri
1566 477 1752 534 rectius,

630 557 808 604 litterae
830 557 1003 605 vocalis
1024 557 1231 604 habitum
1253 574 1392 619 quam
1412 564 1571 604 tenere
1595 558 1772 604 debeat.

629 653 815 699 nanque
838 653 869 699 q
889 638 1140 702 praemissa
1162 653 1340 701 semper
1362 655 1394 683 u
1417 638 1552 684 simul
1574 637 1723 699 iungit
1745 637 1844 693 sibi,

629 717 850 781 syllabam
871 734 965 764 non
987 718 1180 774 editura,
1214 717 1264 763 ni
1284 733 1437 764 comes
1461 718 1521 764 sit
1540 717 1692 773 tertia,

630 798 860 860 quaelibet
879 797 1050 845 vocalis
1072 795 1203 844 illis.’'

630 880 655 923 7
660 880 737 924 45.
772 885 1035 936 „caeterum
1054 878 1226 925 vocalis
1248 877 1335 924 illis
1359 877 1397 924 si
1417 877 1601 939 iugetur
1621 877 1771 933 tertia,

629 974 660 1020 q
681 974 868 1005 necesse
891 965 961 1004 est
981 958 1130 1022 prima
1151 959 1300 1015 detur,
1335 964 1382 1003 et
1404 958 1463 1003 sit
1485 974 1579 1002 una
1600 956 1816 1020 syllaba.’'

375 1035 448 1084 Ex
467 1037 539 1085 his
561 1038 768 1085 versibus
785 1038 916 1085 facile
933 1039 1156 1101 probatur
1173 1037 1501 1085 Terentianum
1523 1053 1554 1083 u
1575 1043 1684 1101 post
1706 1052 1737 1099 q
1758 1053 1852 1084 non
1874 1037 2052 1084 literam
2072 1052 2154 1100 per
2176 1052 2240 1094 se,
2259 1037 2340 1083 sed

374 1132 482 1164 cum
508 1124 798 1164 consonante.
823 1119 1121 1165 antecedente
1159 1118 1223 1163 ita
1260 1117 1621 1179 conglutinatam
1658 1118 1888 1174 habuisse,
1923 1124 1976 1163 ut
2012 1118 2167 1163 ambas
2207 1117 2338 1178 quasi

374 1214 514 1244 unam
533 1196 711 1245 literam
733 1197 937 1245 effecisse
959 1198 1255 1245 existimaret.
1321 1195 1472 1254 Quare
1494 1197 1719 1245 vocabula
1742 1213 1907 1259 „quae,
1942 1197 2065 1259 quoi,
2101 1196 2233 1259 quia'’
2257 1213 2337 1244 ex·

372 1278 593 1343 ceptionis
614 1283 795 1326 tantum
817 1278 1029 1343 speciem,
1063 1295 1158 1326 non
1178 1293 1336 1326 veram
1358 1278 1676 1342 exceptionem
1698 1278 1915 1325 exhibere
1938 1277 2241 1326 censebimus.

562 1518 783 1565 Venimus
813 1535 936 1565 nunc
964 1520 1023 1564 ad
1048 1519 1203 1564 locum
1228 1535 1451 1581 perquam
1480 1518 1723 1564 difficilem.
1792 1518 2023 1575 „Quaeret
2058 1519 2147 1564 hoc
2187 1518 2336 1573 etiam,

374 1599 605 1660 'quomodo
629 1599 806 1645 duabus
828 1600 1012 1645 demum
1032 1598 1266 1646 vocalibus
1288 1598 1335 1644 in
1359 1615 1407 1644 se
1430 1598 1551 1661 ipsas
1574 1598 1771 1644 coeundi
1792 1606 1959 1644 natura
1989 1599 2062 1655 sit,
2096 1615 2205 1645 cum
2226 1615 2334 1644 con-

375 1679 639 1727 sonantium
659 1679 786 1725 nulla
806 1679 894 1726 nisi
923 1680 1112 1726 alteram
1138 1678 1364 1742 frangatff’
1429 1678 1584 1725 Prima
1611 1680 1748 1726 huius
1779 1680 2006 1725 enuntiati
2033 1685 2165 1743 parte
2194 1679 2334 1725 inter-

371 1766 524 1824 pretes
555 1760 651 1805 fere
682 1775 840 1806 omnes
868 1760 885 1805 i
912 1766 959 1805 et
987 1775 1019 1804 u
1049 1759 1271 1805 indicatas
1301 1775 1401 1805 esse
1431 1766 1634 1817 censent,
1669 1756 1754 1806 ubi'
1776 1760 1823 1806 in
1854 1777 1948 1805 una
1969 1761 2220 1822 eademque
2243 1759 2333 1824 syl-

370 1839 475 1887 laba
495 1840 747 1902 geminatae
770 1840 1047 1887 scribuntur.
1113 1838 1248 1896 Quod
1270 1840 1308 1886 si
1328 1840 1392 1886 ita
1414 1846 1548 1897 esset,
1583 1847 1708 1888 certe
1731 1842 1982 1887 secundam
2011 1840 2217 1888 vocalem
2239 1856 2335 1887 non

369 1920 594 1983 integram
615 1936 865 1978 remanere,
900 1921 981 1966 sed
1008 1936 1036 1966 a
1067 1920 1214 1983 prima
1242 1920 1376 1967 adfici
1404 1926 1651 1983 oporteret,
1686 1936 1803 1982 quae
1836 1921 2021 1982 quidem
2043 1920 2235 1969 Gesneri
2264 1927 2335 1967 est

369 2000 523 2064 opinio
546 2000 821 2046 enarrantis:
857 1999 1132 2057 „Vocalibus
1155 2007 1226 2046 est
1246 2006 1412 2046 natura
1439 2000 1487 2046 in
1519 2015 1567 2046 se
1597 2000 1719 2063 ipsas
1749 2001 1961 2058 coeundi,
1994 2001 2040 2047 h.
2064 2017 2103 2047 e.
2136 2001 2200 2047 ita
2229 2001 2332 2046 iun-

369 2087 542 2143 guntur
563 2096 911 2141 nonnumquam
930 2079 1111 2127 vocales
1134 2081 1332 2137 eaedem,
1367 2086 1420 2126 ut
1441 2080 1572 2141 quasi
1594 2080 1936 2141 colliquescam,
1970 2087 2017 2128 et
2037 2081 2182 2128 altera
2202 2081 2334 2127 alteri

371 2160 553 2216 serviat,
588 2161 734 2216 cedat,
768 2159 919 2222 frangi
947 2176 996 2205 se
1024 2160 1082 2205 ab
1112 2176 1167 2205 ea
1194 2166 1240 2205 et
1270 2160 1518 2206 comminui
1545 2160 1762 2222 patiatur,
1796 2167 1849 2206 ut
1878 2161 1995 2206 duae
2026 2161 2208 2207 vocales
2237 2177 2333 2206 non

369 2239 562 2303 amplius
586 2240 781 2285 duarum
801 2239 1026 2286 vocalium
1047 2239 1142 2285 vim
1161 2239 1374 2295 habeant,
1408 2241 1490 2285 sed
1511 2240 1654 2285 altera
1669 2247 1874 2286 transeat
1889 2241 1936 2286 in
1954 2240 2331 2288 consonantem.”

368 2319 640 2385 Repugnare
661 2336 771 2368 vero
792 2319 899 2366 huic
922 2319 1125 2383 opinioni
1145 2319 1407 2366 Terentiani
1427 2326 1724 2383 praeceptum
1745 2321 1950 2368 videtur:

625 2402 730 2447 152.
766 2398 911 2457 „Nam
932 2400 971 2447 si
991 2400 1097 2462 iuga
1119 2400 1221 2462 quis
1243 2400 1469 2457 nominet3
1508 2401 1525 2446 i
1546 2417 1751 2447 consona
1770 2401 1864 2459 fiet,

621 2498 653 2527 u
676 2481 820 2543 qualis
843 2488 942 2527 erat
971 2487 1209 2544 permanet
1229 2481 1277 2526 in
1297 2481 1401 2527 loco
1424 2482 1655 2543 sequenti3

622 2569 669 2608 et
690 2578 796 2608 cum
816 2561 1015 2608 iaculum
1037 2568 1117 2607 aut
1138 2562 1239 2607 dico
1261 2561 1402 2618 iecur,
1434 2561 1606 2619 Iovem,
1638 2563 1900 2620 iuvencum,

621 2642 686 2687 nil
708 2643 820 2688 ordo
844 2642 1055 2688 secundis
1077 2642 1251 2698 tribuit,
1284 2642 1411 2704 prior
1431 2642 1630 2699 iuvatur,

619 2737 754 2768 versa
774 2722 874 2768 vice
896 2721 935 2767 si
957 2721 1016 2767 sit
1035 2722 1161 2785 prior
1182 2738 1229 2779 u,
1262 2728 1481 2783 sequatur
1502 2722 1593 2779 illa,

619 2817 727 2848 cum
749 2802 852 2849 dico
873 2802 993 2860 vide,
1026 2793 1221 2848 contulit
1241 2802 1257 2847 i
1279 2819 1445 2848 sonum
1465 2803 1623 2866 priori,

618 2888 692 2928 ast
710 2882 811 2946 ipsa
830 2889 987 2929 manet
1006 2889 1210 2947 tempore
1234 2898 1326 2944 quo
1349 2883 1542 2929 sonabat
1563 2889 1683 2929 ante.
