2766 3345
701 156 816 203 haec
839 158 1031 203 reddere
1052 173 1216 204 vocem
1237 158 1455 219 quoniam
1475 159 1633 207 valent
1653 177 1823 219 seorsa,

701 231 970 299 nullumque
988 237 1091 291 sine
1113 238 1199 284 illis
1220 238 1342 302 potis
1366 246 1439 286 est
1456 240 1580 288 coire
1601 242 1822 289 verbum}

700 325 749 363 at
769 333 975 363 consona
998 333 1116 378 quae
1138 325 1262 375 sunt,
1296 319 1385 364 nisi
1405 320 1643 367 vocalibus
1665 329 1811 385 aptes,

697 413 804 459 pars
827 396 1065 442 dimidium
1085 397 1228 454 vocis,
1262 413 1380 461 opus
1402 399 1608 461 proferet
1629 416 1689 446 ex
1712 417 1778 459 se,

695 493 803 539 pars
824 483 956 522 muta
975 476 1078 522 soni
1099 477 1371 539 comprimet
1391 495 1474 524 ora
1495 479 1786 538 molientum3

696 556 783 602 illis
807 573 948 603 sonus
972 557 1212 603 obscurior
1233 557 1585 620 impeditiorque
1742 543 1748 548 .

699 644 752 683 ut
774 653 958 699 cunque
978 644 1133 683 tamen
1154 638 1384 701 promitur
1406 655 1486 685 ore
1509 639 1768 697 semicluso,

694 718 930 764 vocalibus
953 725 1093 779 atque
1115 725 1186 763 est
1206 718 1384 775 minor,
1405 720 1674 781 auctiorque
1697 720 1882 767 mutis.”

375 799 495 845 Hinc
528 798 699 862 triplex
727 798 965 843 literarum
995 797 1194 860 spatium
1225 798 1368 843 fuisse
1399 800 1630 861 conlegas,
1663 801 1916 846 maximum
1947 803 2191 861 vocalium,
2226 806 2357 854 dimi-

374 880 503 926 dium
532 877 888 935 semivocalium,
922 877 1161 923 minimum
1192 885 1440 924 mutarum.
1506 878 1669 941 Itaque
1698 879 1715 926 i
1744 882 2040 929 consonantis
2073 898 2214 931 sonus
2245 900 2356 933 con-

373 976 561 1023 pressus
583 964 779 1014 tantum,
813 973 908 1003 non
932 972 1184 1004 conversus
1206 958 1348 1004 fuisse
1370 958 1567 1005 videtur.
1585 987 1650 995 —
1665 960 1858 1007 Accedit
1879 960 2016 1018 aliud,
2051 964 2177 1022 quod
2197 963 2245 1009 in
2267 964 2355 1013 hac

376 1038 645 1101 quaestione
669 1037 908 1099 neglegere
941 1054 1033 1083 non
1063 1036 1183 1083 licet.
1253 1035 1471 1084 Corsseni
1500 1039 1621 1085 enim
1652 1040 1813 1087 studiis
1844 1040 1875 1086 l.
1904 1041 1934 1087 l.
1967 1043 2171 1089 22—30
2204 1044 2356 1092 denuo

372 1120 626 1166 stabilitum
645 1124 729 1174 est,
763 1116 996 1163 Romanos
1020 1117 1234 1177 antiquos
1257 1117 1300 1163 ci
1322 1125 1544 1177 sequente
1567 1119 1716 1165 vocali
1745 1136 1839 1165 non
1861 1128 2022 1166 nostro
2044 1138 2172 1168 more
2194 1123 2250 1179 zi,
2274 1127 2356 1170 sed

373 1198 728 1246 consonantium
760 1197 948 1260 propria
979 1196 1027 1242 vi
1060 1204 1333 1243 conservata
1367 1198 1753 1260 pronuntiavisse.
1819 1199 2096 1261 Legitimum
2135 1209 2290 1249 autem
2328 1220 2355 1250 c

372 1278 670 1326 consonantis
694 1294 860 1324 sonum
882 1278 1080 1323 eundem
1103 1284 1243 1338 atque
1264 1278 1294 1323 k
1318 1277 1460 1323 fuisse
1491 1285 1686 1324 constat.
1752 1279 1930 1325 Deinde
1952 1279 2211 1328 Corssenus
2240 1282 2353 1328 scri-

372 1368 558 1425 pturam
580 1359 622 1405 ci
644 1366 691 1406 et
711 1359 748 1405 ti
770 1358 816 1404 in
848 1358 1080 1404 nonnullis
1118 1358 1354 1404 vocabulis
1394 1358 1485 1405 iam
1523 1359 1707 1406 saeculo
1747 1362 1951 1407 secundo
1989 1369 2096 1425 post
2118 1361 2226 1409 Chr.
2257 1371 2353 1412 nat.

372 1443 636 1497 fluctuasse,
670 1446 798 1485 certo
821 1456 880 1485 ex
902 1438 1277 1501 inscriptionibus
1300 1429 1563 1496 constituit3
1589 1441 1787 1504 exempli
1808 1442 1956 1502 gratia
1971 1442 2198 1489 adhibebo
2215 1444 2353 1490 haec:

375 1522 595 1580 „Larcius
618 1527 665 1567 et
686 1520 856 1576 Lartia‚
890 1519 1043 1576 Lacia,
1077 1519 1222 1576 Latia,
1255 1520 1471 1576 MarciuS,
1503 1519 1683 1578 Martia,
1715 1521 1907 1578 Ancius,
1940 1522 2123 1579 Antius,
2155 1522 2351 1581 Mucius,

370 1603 559 1657 Mutius,
594 1600 777 1656 Accius,
811 1598 995 1645 Attius’'
1019 1606 1106 1645 etc.
1128 1600 1188 1645 cf.
1214 1599 1369 1645 Corss.
1392 1600 1421 1645 l.
1440 1600 1470 1645 l.
1494 1618 1539 1663 p.
1560 1603 1641 1657 253
1675 1608 1914 1663 praeterea
1936 1602 2043 1662 quia
2064 1602 2111 1647 in
2135 1604 2236 1649 cod.
2253 1604 2350 1650 Me-

371 1683 502 1729 diceo
526 1689 572 1728 et
593 1680 801 1727 Palatino
824 1679 1086 1740 Vergiliano
1110 1680 1300 1740 aliisque
1322 1680 1448 1725 libris
1472 1680 1800 1740 antiquissimis
1823 1681 2077 1743 scripturae
2107 1683 2351 1738 „solatium

371 1762 616 1818 solacium,
651 1759 874 1823 suspicio,
910 1759 1129 1822 suspiti0,
1164 1759 1447 1816 conuicium,
1489 1760 1764 1817 convitium,
1799 1760 1972 1817 secius,
2007 1761 2170 1819 setius,
2204 1763 2350 1820 cocio,

368 1842 520 1890 cotio”
545 1847 887 1896 conmutantur,
920 1840 1043 1885 illam
1066 1840 1109 1886 ci
1130 1847 1176 1885 et
1198 1840 1234 1885 ti
1266 1840 1518 1885 formarum
1549 1841 1868 1887 confusionem
1897 1841 1988 1887 iam
2008 1843 2247 1903 Augustea
2274 1860 2349 1890 ae-

366 1931 462 1969 tate
485 1923 640 1968 locum
659 1921 874 1967 habuisse
898 1920 1048 1967 coicit.
1114 1920 1203 1966 Ubi
1224 1937 1335 1966 vero
1356 1921 1493 1967 huius
1511 1921 1867 1967 conmutationis
1885 1937 2072 1968 caussas
2090 1922 2349 1986 investigat,

366 2004 499 2051 sibilo
523 2003 676 2063 aliquo
708 2003 766 2047 ad
797 2001 1121 2063 explicandum
1152 2001 1313 2058 utitur,
1348 2017 1485 2061 quem
1512 2001 1886 2064 inscriptionibus
1910 2000 2195 2049 Christianae
2224 2010 2349 2050 aeta-

365 2085 425 2130 tis
449 2084 509 2130 cf.
535 2082 586 2130 C.
610 2083 640 2128 l.
664 2083 694 2128 l.
717 2100 762 2145 p.
784 2084 859 2127 24.
886 2088 932 2127 et
954 2081 1146 2144 Pompei
1175 2082 1221 2127 in
1252 2082 1329 2127 lib.
1353 2081 1525 2127 Donati
1554 2082 1610 2127 de
1641 2081 1823 2127 barbar.
1856 2087 1903 2127 et
1931 2082 2115 2145 metapl.
2139 2082 2346 2129 Lindem.

364 2183 410 2228 p.
430 2166 524 2209 424
564 2162 849 2225 grammatici
887 2162 1049 2208 aetatis
1087 2162 1353 2225 posterioris
1386 2161 1649 2208 testimonio
1681 2161 2017 2224 conprobatum
2053 2163 2112 2209 ad
2138 2169 2349 2226 tempora

364 2245 511 2289 multo
532 2244 688 2306 priora
710 2250 999 2288 attenuatum
1023 2242 1208 2303 quidem
1228 2243 1463 2287 transfert.
1528 2241 1701 2287 Nititur
1717 2242 1830 2288 haec
1849 2241 2041 2304 suspitio
2059 2242 2197 2287 etiam
2214 2258 2346 2289 caus-

369 2325 430 2370 sis
472 2341 532 2370 ex
561 2323 766 2369 Umbrici
805 2322 1090 2383 aliorumque
1123 2339 1389 2368 sermonum
1420 2322 1629 2383 analogia
1654 2321 2001 2382 rationibusque
2032 2322 2345 2384 etymologicis

364 2405 532 2467 petitis.
599 2403 712 2449 Mihi
747 2419 854 2448 cum
892 2404 1096 2448 nondum
1136 2419 1410 2465 persuasum
1449 2403 1521 2458 sit,
1557 2401 1860 2458 Corssenum,
1903 2402 2187 2464 grammatici
2227 2403 2343 2449 anti-

365 2485 538 2545 quioris
578 2483 842 2529 testimonio
882 2483 1153 2528 destitutum
1193 2483 1456 2545 opinionem
1494 2499 1626 2528 suam
1656 2482 1935 2543 coarguisse,
1970 2481 2081 2528 nihil
2120 2490 2343 2545 superest,

365 2581 505 2625 quam
529 2572 579 2610 ut
601 2581 699 2609 rem
722 2563 831 2609 viris
853 2579 927 2608 me
950 2563 1233 2608 doctioribus
1257 2563 1595 2608 diiudicandam
1623 2562 1893 2623 relinquam.
1960 2561 2038 2608 Sin
2070 2578 2181 2608 vero
2205 2562 2343 2609 Cors-

363 2662 503 2691 senus
526 2645 612 2690 hac
636 2645 682 2689 in
706 2660 756 2689 re
788 2643 933 2704 magis
965 2643 1243 2705 suspicando
1277 2660 1416 2703 quam
1444 2644 1804 2689 demonstrando
1835 2658 1946 2688 usus
1976 2650 2059 2698 est,
2092 2643 2343 2690 videndum

362 2725 472 2781 erit,
509 2741 567 2769 an
607 2723 874 2780 Quintiliani
914 2723 1057 2786 ipsius
1095 2723 1410 2768 testimonium
1447 2722 1482 2768 I.
1512 2726 1583 2768 11.
1608 2725 1652 2768 4.
1700 2721 1781 2778 „In
1820 2721 1978 2784 primis
2016 2722 2140 2778 vitia,
2175 2722 2214 2768 si
2251 2738 2345 2784 qua

362 2811 485 2860 sunt,
522 2804 613 2849 oris
638 2804 864 2859 emendet,
900 2810 953 2848 ut
981 2819 1201 2864 expressa
1231 2803 1323 2849 sint
1352 2803 1509 2859 verba,
1545 2809 1596 2848 ut
1635 2801 1731 2849 suis
1773 2817 1982 2862 quaeque
2020 2801 2178 2849 literae
2217 2803 2342 2849 sonis

362 2885 674 2930 enuntientur.
742 2882 1042 2939 Quarundam
1064 2883 1186 2929 enim
1207 2884 1282 2929 vel
1303 2883 1505 2929 exilitate
1539 2882 1612 2928 vel
1643 2881 1962 2945 pinguitudine
1993 2882 2132 2928 nimia
2161 2882 2340 2930 labora·
